1759 3324
189 598 288 645 153

18 666 115 692 Ornat
165 665 292 692 Vulcani

17 699 158 733 templum
171 707 178 725 ι
192 699 292 725 aulam

18 733 142 759 exstruit
194 734 214 758 Α
239 732 268 758 id

18 766 67 800 qui
78 765 203 792 Graecis
225 773 291 800 ,pa-

17 799 104 833 phus,
115 799 210 826 nixam
220 807 290 833 sup-

18 833 122 867 positis
139 832 271 860 colossis.

343 248 428 289 838

319 355 489 398 8πείθει
521 353 614 410 μετ’
646 355 814 399 ἑωυτοῦ
843 354 1057 410 γενέσθαι.

758 244 1222 285 HERODOTI

1120 353 1177 404 ὠς
1208 353 1254 397 δὲ
1284 353 1446 405 ἔπεισε,
1489 355 1604 398 οὕτω

349 434 437 489 ’ἅμα
474 438 587 477 τοῖσι
625 431 710 489 μετ’
749 432 916 477 ἑωυτοῦ
964 433 1269 490 βουλομένοισι
1317 434 1605 487 Αἰγυπτίοισι,

347 514 418 556 καὶ
448 518 561 556 τοῖσι
593 512 883 566 ἐπικούροισι,
915 512 1131 566 καταιρέει
1160 511 1262 563 τοὺς
1292 511 1506 567 βασιλέας.

272 733 292 766 ἱ,

459 589 691 646 Κρατήσας
730 592 775 635 δὲ
815 591 1038 646 Αἰγύπτου
1083 591 1223 647 πάσης
1265 590 1287 634 ὁ
1328 592 1607 647 Ψαμμίτιχος,

349 669 521 724 ἐποίησε
561 674 622 726 τῷ
667 669 890 727 “Ηφαίστῳ
937 668 1188 723 προπύλαια
1238 668 1287 712 έν
1334 670 1523 726 Μέμφι,
1557 667 1664 712 τὰ40

348 748 456 802 πρὸς
486 746 618 790 νότον
646 745 809 804 ἄνεμον
838 747 1127 803 τετραμμένα·
1160 746 1298 804 αὐλήν
1329 765 1373 792 τε
1402 752 1462 805 τῷ
1489 748 1607 801 ”Arm

346 826 392 869 ἐν
422 829 474 882 τῇ
503 824 704 880 τρέφεται
738 825 870 869 ἐπεάν
901 829 1022 882 φανῇ
1063 823 1087 868 ὁ
1122 823 1249 876 ’Ἆπις
1271 858 1281 878 ,
1334 826 1608 882 οἰκοδόμησε,

346 904 544 947 ἐναντίον
583 907 671 946 τῶν
709 904 1024 958 προπυλαίων,
1082 903 1230 946 πᾶσαν
1269 919 1314 946 τε
1352 906 1610 959 περίστυλον

344 982 524 1033 ἐοῦσαν,
567 982 641 1025 καὶ
669 981 820 1026 τύπων
849 980 1004 1037 πλέην·
1059 979 1155 1024 ἀντὶ
1185 982 1230 1026 δὲ
1267 982 1452 1034 κιόνων,
1503 981 1609 1027 ὑπε-
1650 1032 1657 1039 ἢ

344 1064 468 1104 στᾶσι
497 1062 702 1105 κολοσσοὶ
731 1059 1082 1118 δυωδεκαπήχεες
1111 1064 1164 1118 τῇ
1195 1059 1320 1118 αὐλῇ.
1353 1060 1376 1105 ὁ
1409 1060 1610 1114 δὲ’Ἀπις,

292 1259 397 1295 chum
407 1256 603 1307 praecipue
615 1256 796 1294 adiuvisse
816 1257 945 1294 viden-

291 1319 369 1361 tur,
385 1327 452 1351 nec
471 1313 597 1364 procul
613 1313 700 1350 inde
722 1314 946 1350 Graecorum

291 1371 593 1409 mercenariorum
618 1370 722 1407 fuere
751 1373 871 1407 castra
899 1370 947 1407 ad

291 1428 417 1464 urbem
464 1426 645 1463 Bubastia
665 1454 676 1472 ‚
735 1427 853 1464 donec
900 1426 946 1462 ab

292 1483 416 1521 Amasi
440 1483 630 1533 Memphin
661 1488 948 1532 transponeren-

293 1544 351 1577 tur
383 1539 465 1587 (ΙΙ,
487 1539 606 1587 154).
637 1561 692 1566 —
724 1538 787 1575 Cr.
815 1540 863 1576 ad
889 1551 947 1575 ar-

294 1601 507 1645 gumentum
529 1595 735 1632 Herodotei
768 1595 836 1633 loci
863 1607 949 1632 con-

296 1653 382 1690 ferri
421 1653 496 1688 vult
529 1651 676 1689 Leake:
725 1651 777 1689 les
816 1651 949 1702 princi-

296 1721 392 1760 paux
410 1721 625 1745 monumens
648 1709 790 1758 egyptt.
807 1709 855 1745 du
871 1721 951 1744 mu-

300 1766 361 1803 see
390 1765 624 1814 britannique
656 1765 800 1812 (Lond.
823 1766 950 1812 1827)

298 1834 385 1872 pag.
404 1824 477 1866 263
506 1821 567 1857 ubi
592 1821 779 1872 inscriptio
809 1821 952 1857 Graeca

298 1879 337 1915 in
364 1880 534 1927 Aegypto
565 1878 711 1914 inventa
753 1877 952 1926 explicatur

298 1934 481 1972 Herodoti
500 1935 730 1980 narratione,
760 1946 868 1983 quam
889 1947 952 1971 ve-

298 1990 477 2028 rissimam
499 1990 597 2027 ducit
613 1990 753 2027 Leake.

355 2045 552 2097 καταιρέει
597 2043 690 2093 τοῦς
743 2043 951 2097 βασιλέας]

299 2102 412 2139 Haud
431 2102 535 2140 aliter
554 2106 664 2152 atque
678 2102 953 2140 Psammitichus

299 2157 382 2206 (qui
422 2159 588 2196 undecim
631 2159 764 2208 regulis
807 2159 954 2208 collegis

300 2214 451 2251 devictis
471 2228 561 2252 unus
582 2214 741 2265 Aegypti
761 2228 824 2251 rex
838 2217 954 2253 sactus

301 2272 377 2317 est)
399 2271 542 2306 saeculo
564 2271 812 2321 praeterlapso
833 2273 954 2309 medio

297 2324 499 2375 Ali-Bess,
538 2328 701 2364 undecim
733 2328 954 2378 principibus

299 2381 428 2432 (Bey’s
457 2385 650 2432 vocantur)
678 2384 875 2420 intersectis
899 2397 957 2420 re-

299 2438 477 2487 legatisve
496 2437 656 2488 Aegypti
676 2440 866 2488 imperium
896 2452 956 2476 ac-

299 2494 487 2544 quisivisse
505 2494 645 2541 dicitur,
665 2497 782 2531 donec
799 2509 832 2532 a.
848 2499 956 2536 1772

285 2546 428 2601 'pugna
443 2550 556 2586 victus
577 2550 613 2586 in
637 2551 857 2598 Palaestina,
885 2564 956 2599 quo

305 2607 538 2655 confugerat,
570 2607 649 2657 ipse
682 2607 955 2644 interficeretur.

505 2688 778 2739 cap.cLuL

364 2771 526 2823 ἐποίησε
553 2774 606 2826 τῷ
638 2771 839 2825 Ἡφαίστῳ
868 2788 962 2824 προ-

308 2825 460 2869 πύλαια
477 2844 512 2868 κ.
531 2843 562 2867 τ.
587 2827 635 2879 λ.]
666 2829 846 2867 Dissentit
870 2829 962 2866 Dio-

310 2887 420 2923 dorus
441 2885 478 2933 l,
499 2887 574 2934 67,
604 2885 666 2936 qui
692 2885 856 2924 orientale
876 2898 960 2936 pro-

1006 1258 1174 1308 pylaeum
1204 1269 1226 1294 a
1247 1256 1504 1295 Psammiticho
1526 1261 1669 1295 exstru-

1013 1320 1109 1352 ctum
1139 1315 1261 1351 refert.
1320 1313 1380 1350 Ad
1407 1313 1545 1362 reliqua
1573 1315 1669 1351 conf.

1013 1371 1156 1408 Herod.
1187 1370 1244 1417 ΙΙ,
1272 1371 1324 1411 99
1344 1370 1407 1407 fin.
1437 1372 1512 1410 101
1547 1370 1671 1420 ibique

1014 1430 1106 1464 nott.
1137 1426 1315 1464 Pertinuit
1336 1431 1457 1464 autem
1477 1426 1565 1474 hoc,
1591 1440 1672 1464 mo-

1014 1487 1128 1521 nente
1165 1483 1351 1521 Heerenio
1392 1482 1532 1531 (Ideen
1559 1483 1616 1531 ΙΙ,
1643 1487 1670 1525 2

1014 1554 1050 1591 p.
1075 1540 1200 1587 400),
1231 1540 1278 1576 ad
1304 1540 1401 1588 regis
1427 1540 1672 1588 prudentiam,

1016 1597 1080 1646 qui
1109 1595 1315 1632 istiusmodi
1342 1595 1514 1633 aedificiis
1555 1608 1674 1633 sacer-

1019 1654 1148 1690 dotum
1189 1652 1329 1689 animos
1375 1651 1443 1688 sibi
1482 1652 1673 1689 conciliare

1019 1709 1208 1755 studuerit,
1231 1721 1311 1746 cum
1331 1708 1448 1746 aversi
1469 1708 1538 1760 ipsi
1552 1712 1675 1746 essent

1018 1766 1167 1803 rnilitum
1194 1766 1314 1801 animi.

1077 1817 1422 1871 αὐλήν-πλέην]
1444 1815 1548 1871 αὗλῆ
1568 1820 1675 1873 περί-

1022 1881 1160 1924 στυλος
1183 1878 1269 1926 quid
1295 1878 1340 1914 sit
1356 1906 1367 1925 ,
1397 1879 1598 1915 monuimus
1626 1878 1674 1915 ad

1019 1935 1074 1982 11,
1097 1935 1188 1976 148.
1246 1933 1306 1970 Ad
1326 1947 1451 1971 vocem
1470 1930 1608 1974 τύπων
1629 1935 1673 1971 cf.

1019 1991 1077 2039 ΙΙ,
1100 1992 1189 2031 136.
1216 1990 1305 2031 148.

1079 2043 1166 2086 ἀντὶ
1197 2044 1238 2085 δὲ
1262 2042 1427 2098 κιόνων]
1460 2047 1576 2094 „Hoc
1606 2050 1674 2094 est,

1021 2104 1073 2141 uti
1094 2103 1241 2152 quidem
1256 2116 1299 2140 ex
1318 2104 1470 2141 adversa
1488 2107 1593 2154 parte
1612 2116 1675 2140 ve-

1021 2160 1205 2198 nientibus
1224 2160 1378 2197 videtur.
1417 2159 1550 2208 Neque
1578 2160 1676 2197 enim

1022 2217 1058 2254 hi
1087 2215 1218 2253 colossi
1247 2229 1377 2265 reapse
1408 2216 1586 2253 sustinent
1614 2229 1676 2252 su-

1022 2273 1167 2323 periora
1190 2272 1355 2308 aedificii.
1401 2272 1459 2308 Cs.
1489 2271 1677 2309 Letronne

1023 2329 1130 2366 mem.
1166 2341 1226 2363 sur
1254 2328 1287 2364 le
1329 2327 1500 2364 tombeau
1531 2328 1677 2377 d'Osy-

1024 2383 1134 2421 mand
1155 2397 1191 2432 p.
1215 2384 1251 2423 5.
1273 2385 1335 2423 6.“
1369 2383 1432 2420 Cr.
1462 2384 1598 2421 Narrat
1615 2397 1677 2422 ve-

1024 2453 1064 2476 ro
1084 2439 1270 2476 Diodorus
1303 2439 1325 2475 l.
1349 2439 1370 2475 l.
1399 2453 1524 2489 regem
1554 2441 1678 2477 fanum

1024 2508 1127 2532 muro
1147 2495 1425 2532 circumdedisse
1449 2510 1491 2533 ac
1507 2510 1573 2546 pro
1593 2497 1677 2546 pilis

1027 2550 1186 2588 colossos
1226 2552 1435 2589 duodenum
1477 2554 1678 2590 cubitorum

1027 2608 1266 2644 substituisse.

1084 2660 1107 2701 o‘
1126 2660 1167 2701 δὲ
1193 2661 1332 2711 ’Ἀπις,
1371 2660 1470 2703 κατὰ
1498 2660 1571 2713 τήν
1598 2662 1680 2702 Ἑλ-

1030 2713 1163 2767 λήνων
1186 2715 1368 2771 γλῶσσάν
1389 2717 1678 2770 ἐστι’Έπαφος]

1029 2774 1185 2812 Veretur
1204 2775 1487 2825 iVesselingius,
1526 2780 1565 2812 ut
1590 2777 1680 2814 haec

1029 2831 1210 2867 Herodoti
1240 2832 1312 2868 sint
1335 2833 1466 2879 verba,
1496 2845 1590 2880 quae
1620 2833 1679 2869 hic

1030 2892 1125 2925 certe
1164 2888 1279 2925 minus
1305 2889 1509 2926 necessaria
1529 2917 1540 2936 ,
1581 2901 1680 2926 com-
