1759 3324
342 261 427 303 356

745 256 1217 301 HERODOTI

346 367 605 426 ἱδρυμένον,
647 372 709 429 τῷ
736 367 883 421 Ἴωνές
910 382 956 413 τε
983 366 1142 418 πάντες
1169 365 1244 410 καὶ
1273 365 1449 416 Αἰολέες
1477 361 1609 408 ἐώθε-

349 454 433 494 σαν
461 447 676 505 χρέεσθαι.
710 446 733 493 ὁ
765 448 811 492 δὲ
838 450 977 503 χῶρος
1005 441 1135 497 οὗτος
1164 445 1253 489 ἐστὶ
1282 448 1358 502 τῆς
1394 444 1611 500 Μιλησίης

190 522 291 572 158
347 526 457 583 ὑπὲρ
479 526 722 583 Πανόρμου
751 525 937 582 λιμένος.
967 525 1222 581 Πέμψαντες
1249 518 1315 568 ὧν
1345 525 1389 568 οἱ
1418 525 1612 579 Κυμαῖοι

17 589 179 618 Otacilium
212 590 276 630 bin·
354 607 368 622 ‚
501 605 510 618 ι
673 622 684 635 Α
731 606 767 620 ,.
1024 603 1034 618 ι
1251 605 1262 619 ‚
1315 603 1327 618 ι
1597 600 1670 641 ¹10

13 624 294 697 fflggguulqimyffl
350 623 394 658 ες
432 623 537 657 τους
574 607 821 660 Βραχχιὸας
866 609 1170 659 θεοπροπους,
1227 619 1433 657 ειρωτευν
1479 618 1613 657 ,,περι

16 690 114 754 *ἐξοᾱῑξῶ
130 691 296 760 ξιξοξέιζὲῦῐε·
353 682 565 739 Πακτύην
592 682 744 727 ὁκοῖόν
779 699 821 725 τι
857 681 1076 733 ποιέοντες
1106 686 1249 726 θεοῖσι
1277 682 1473 738 μέλλοιεν
1501 697 1613 737 »χα-

350 765 592 820 ριεῖσθαι.“
651 761 912 813 ἐπειρωτῶσι
948 760 994 803 δέ
1034 771 1114 816 σφι
1164 764 1302 804 ταῦτα
1351 759 1614 818 χρηστήριον

319 841 519 897 Ξέγένετο
557 871 581 891 ,‚
595 837 818 882 ἐκδιδόναι
850 836 1063 894 Πακτύην
1093 837 1325 895 Πέρσῃσι.“
1389 844 1536 883 Ταῦτα
1566 839 1614 883 δὲ

352 919 412 970 ὦς
458 917 765 974 ἀπενειχθέντα
812 916 1011 974 ἤκουσαν
1057 917 1101 959 οἱ
1139 919 1364 972 Κυμαῖοι,
1424 916 1613 973 ὁρμέατο

321 996 588 1043 3ἐκδιδόναι.
619 994 896 1052 ὁρμεωμένου
928 995 974 1039 δὲ
1002 995 1138 1052 ταύτῃ
1165 998 1244 1038 τοῦ
1267 992 1478 1050 πλήθεος,
1504 993 1615 1050 Ἀρι·
1628 1002 1672 1036 15

353 1078 556 1128 στόδικος
584 1074 608 1120 ὁ
635 1076 950 1131 Ἡρακλείδεω,
991 1072 1102 1130 ἀνὴρ
1133 1077 1222 1116 τῶν
1252 1071 1397 1117 α’στῶν
1427 1072 1513 1118 ἐών
1545 1072 1615 1117 δό-

353 1174 503 1214 κιμος,
534 1155 627 1212 ἔσχε
656 1154 714 1212 μὴ
751 1157 933 1210 ποιῆσαι
961 1156 1097 1196 ταῦτα
1119 1153 1374 1209 Κυμαίους,
1404 1151 1618 1197 ἀπιστέων

351 1253 398 1282 τε
426 1239 487 1292 τῷ
523 1237 720 1291 χρησμῷ,
777 1233 852 1277 καὶ
892 1230 1058 1276 δοκέων
1094 1232 1198 1282 τούς
1233 1231 1520 1285 θεοπρόπους
1560 1228 1617 1275 ου’

353 1316 493 1372 λέγειν
523 1312 739 1370 ἀληθέως·
794 1312 837 1362 ές
863 1310 911 1364 ὃ,
957 1310 1006 1355 τὸ
1038 1310 1246 1366 δεύτερον
1273 1312 1371 1366 περὶ
1403 1308 1618 1354 Πακτύεω

354 1392 708 1451 ἐπειρησόμενοι,
768 1390 903 1449 ᾔεσαν
941 1389 1063 1433 ἄλλοι
1099 1388 1367 1444 θεοπρόποι,
1417 1393 1506 1433 τῶν
1544 1389 1619 1433 καὶ

196 1486 297 1534 159
353 1472 645 1530 Ἀριστόδικος
680 1467 747 1527 ἦν.
812 1467 1108 1525 Ἀπικομένων
1154 1469 1200 1512 δὲ
1248 1469 1291 1520 ἐς
1348 1469 1675 1524 Βραγχίδας,20

359 1550 708 1610 ἐχρηστηριάζετο
731 1548 778 1592 ἐκ
802 1548 979 1592 πάντων
1009 1546 1322 1603 Ἀριστόδικος,
1353 1546 1620 1602 ἐπειρωτέων

327 1632 481 1676 Ξταδε·
540 1623 763 1682 ,,ῒΩ”ναξ,
804 1623 913 1685 ἦλθε
942 1625 1048 1682 παρ’
1080 1625 1213 1684 ἡμέας
1243 1627 1383 1683 ἱκέτης
1413 1624 1621 1681 Πακτύης

357 1709 603 1764 ,,ὁΛυδὸς,
636 1707 815 1766 φεύγων
843 1705 1043 1751 θάνατον
1073 1707 1220 1762 βίαιον
1249 1704 1359 1760 πρὸς
1388 1704 1618 1759 Περσέων·

357 1791 440 1843 „oi
467 1790 514 1833 δέ
541 1804 619 1846 μιν
648 1787 931 1840 ἐξαιτέονται,
981 1790 1185 1841 προεῖναι
1223 1786 1451 1840 Κυμαίους
1480 1782 1622 1827 κελεύ-

355 1884 534 1922 ,,οντες·
578 1865 702 1925 ἡμεῖς
732 1866 778 1910 δὲ
808 1865 1103 1922 δειμαίνοντες
1139 1863 1219 1922 τὴν
1248 1863 1457 1920 Περσέων
1487 1862 1677 1907 δύνει-25

303 2061 371 2104 46.
400 2063 467 2104 92.
525 2059 585 2099 Ad
607 2056 819 2112 χρέεσθαι,
856 2059 957 2108 quod

305 2131 390 2156 mox
413 2117 596 2166 sequitur,
626 2117 721 2154 conf.
740 2117 786 2153 ob
797 2116 956 2153 Ionieam

304 2175 457 2212 formam
475 2173 606 2210 Matth.
631 2171 668 2223 ἓ.
684 2174 734 2213 10
755 2184 842 2222 pag.
861 2171 929 2213 44.

475 2255 508 2294 C
521 2268 591 2307 ap.
621 2254 786 2293 CLVIII.

360 2337 384 2379 ἔ
401 2351 423 2379 σ
440 2354 462 2390 χ
483 2352 499 2378 ε
529 2355 556 2390 μ
576 2333 603 2389 ἢ
634 2340 803 2388 ποιῆσαι
831 2341 956 2379 ταῦτα

302 2396 535 2447 Κυμαίους]
572 2395 595 2431 i.
625 2408 656 2432 e.
696 2398 860 2443 retinuit,
900 2409 957 2432 co-

302 2452 438 2499 hibuit,
471 2464 512 2488 ne
549 2450 632 2488 haec
656 2450 829 2501 facerent.
897 2452 956 2490 De

301 2512 480 2546 structura
498 2508 592 2545 conf.
627 2508 676 2543 ad
705 2507 743 2555 Ι,
774 2507 874 2550 155:
906 2504 956 2547 ὀί-

300 2578 419 2604 πειπε
433 2583 490 2593 ·-
507 2559 562 2614 μή
581 2561 776 2614 ἐκτῆσθαι
794 2564 954 2603 laudata.

488 2647 520 2685 C
534 2659 555 2684 a
565 2660 603 2698 p.
631 2645 763 2685 CLIX.

356 2732 540 2783 προεῖναι
571 2730 779 2779 Κυμαίους
824 2727 955 2771 κελεύ-

300 2789 426 2834 οντες]
457 2786 490 2823 Ε
517 2787 610 2824 binis
637 2787 736 2824 libris
754 2799 833 2824 cum
845 2789 954 2826 Gais—

297 2844 393 2880 ford.
424 2842 636 2881 mutavimus
670 2842 858 2891 vulgarem
893 2858 953 2881 or-

296 2898 440 2938 dinem:
477 2894 704 2947 κελεύοντες
730 2900 950 2950 Κυμαίους.

1021 2058 1145 2097 Verba
1163 2059 1371 2108 sequentia:
1398 2055 1514 2110 ἡμεῖς
1533 2054 1576 2096 δὲ
1597 2055 1677 2097 δει-

1024 2116 1231 2166 μαίνοντες
1248 2130 1284 2154 κ.
1304 2130 1336 2154 τ.
1362 2117 1395 2154 λ.
1427 2115 1598 2164 equidem
1624 2115 1676 2152 sic

1023 2173 1260 2222 interpretor:
1299 2185 1400 2220 „nos
1431 2184 1518 2209 vero
1546 2183 1674 2220 quam-

1023 2229 1078 2265 vis
1108 2229 1275 2266 timentes
1315 2228 1509 2267 Persarum
1543 2230 1677 2278 poten-

1023 2285 1132 2332 tiam,
1168 2285 1268 2321 haud
1291 2287 1413 2322 tamen
1444 2283 1676 2321 sustinuimus

1025 2341 1143 2378 adhuc
1178 2340 1378 2391 supplicem
1419 2341 1566 2378 tradere
1592 2339 1675 2387 illis,

1025 2402 1222 2446 antequam
1248 2401 1311 2434 tua
1335 2397 1442 2434 nobis
1481 2400 1579 2433 certo
1609 2396 1677 2434 de-

1024 2452 1159 2490 clarata
1180 2454 1225 2490 sit
1244 2453 1444 2500 sententia,
1466 2456 1588 2489 utrum
1608 2465 1677 2490 no-

1024 2509 1078 2546 bis
1118 2509 1323 2547 saciendum
1357 2509 1451 2546 sit.“
1519 2505 1563 2548 τὸ
1600 2504 1677 2548 ἀπὸ

1024 2567 1095 2604 σεῦ
1126 2567 1201 2604 sive
1234 2562 1279 2604 το“
1307 2561 1379 2604 σόν
1405 2563 1444 2602 id
1471 2564 1563 2614 quod
1588 2578 1613 2602 a
1642 2568 1677 2602 te

1019 2624 1197 2671 provenit,
1214 2623 1381 2658 sententia
1399 2625 1465 2658 tua
1477 2648 1488 2667 ,
1518 2621 1676 2659 illustra-

1024 2682 1100 2714 tum
1121 2690 1142 2715 a
1160 2677 1339 2715 Matthiae
1360 2677 1426 2714 Gr.
1449 2676 1515 2713 Gr.
1540 2676 1577 2728 ὃ.
1590 2679 1674 2720 573

1021 2745 1108 2783 pag.
1141 2735 1260 2774 1130.
1319 2733 1428 2771 Conf.
1457 2732 1547 2781 VII,
1581 2735 1673 2774 101.

1019 2789 1092 2836 IX,
1121 2792 1159 2830 7.
1197 2786 1394 2840 ποιέωμεν
1429 2789 1674 2827 coniunctivus

1020 2845 1276 2883 deliberativus
1299 2850 1376 2893 est,
1407 2857 1516 2894 quem
1531 2849 1672 2884 vocant.

1018 2901 1127 2940 Conf.
1149 2901 1188 2951 Ι,
1207 2902 1273 2944 53.
1302 2905 1355 2944 76
1375 2901 1461 2952 ibiq.
1482 2904 1559 2940 not.
