1777 3324
510 264 930 306 EUTERPE.
982 264 1028 303 ΙΙ.

1303 268 1387 306 873

131 380 241 424 ἄλλα
269 395 313 423 τε
343 376 488 434 ἀγαθοὶ
517 376 677 431 μυρία,
719 374 767 418 ἐν
797 374 842 418 δὲ
870 373 944 418 καὶ
973 371 1248 436 ποδανιπτὴρ
1279 371 1443 428 χρύ-ΒΟ

131 471 248 509 σεος,
291 459 337 501 ἐν
365 459 425 515 τῷ
456 453 587 504 αὐτός
616 469 659 496 τε
693 453 716 497 ὁ
745 451 924 509 ’Ἁμασις
951 454 1023 496 καὶ
1055 454 1098 496 οἱ
1127 449 1386 507 δαιτυμόνες

101 539 179 580 4οῖ
207 535 361 584 πάντες
390 533 495 583 τούς
525 531 664 583 πόδας
691 532 890 575 ἑκάστοτε
921 531 1233 584 ἓναπενιζέατο.
1281 534 1384 574 τοῦ-

127 631 205 658 τον
252 610 342 656 κατ’
394 605 457 655 ὧν
494 610 659 662 κόψας,

709 610 880 667 ἄγαλμα
921 612 1129 666 δαίμονος
1166 610 1209 663 ἐξ
1249 608 1386 653 αὐτοῦ

127 691 380 747 ἐποιήσατο,
421 691 493 734 καὶ
532 691 683 744 ἵδρυσε
723 694 796 746 τῆς
834 688 987 741 πόλιος
1018 690 1126 733 ὅκου
1155 685 1210 746 ἦν
1241 689 1384 745 ἐπιτη-

127 770 358 814 δεώτατον·
391 771 433 813 οἱ
463 770 509 813 δὲ
539 768 771 825 Αἰγύπτιοι
800 769 1048 825 φοιτέοντες
1078 769 1188 824 πρὸς
1216 768 1381 824 τῶγαλ-
1396 775 1441 809 35

98 858 214 905 5μα,
243 849 443 906 ἐσέβοντο
472 847 678 904 μεγάλως.
734 847 890 905 μαθών
921 848 966 892 δὲ
997 847 1020 891 ὁ
1053 847 1229 904 ’Ἄμασις
1258 847 1306 891 τὸ
1339 847 1385 891 ἐκ

128 933 216 972 τῶν
261 928 404 972 οἰστῶν
454 927 749 983 ποιεύμενον,
807 928 1072 983 συγκαλέσας
1107 928 1384 984 Αἰγυπτίους,

126 1007 304 1064 ἐξέφηνε
335 1007 422 1064 φας
451 1007 535 1059 „gx
563 1010 644 1049 τοῦ
673 1008 998 1063 ποδανιπτῆρος
1027 1004 1230 1062 τῶγαλμα
1258 1022 1384 1062 γεγο-

127 1087 305 1139 ,,νε’ναι,
347 1087 388 1137 ἐς
417 1085 494 1129 τὸν
522 1083 736 1140 πρότερον
765 1086 842 1141 μὲν
871 1087 973 1137 τοὺς
1003 1087 1268 1142 Αἰγυπτίους
1295 1085 1385 1128 ἐνε-

126 1170 256 1220 ,,μεῖν
284 1181 328 1208 τε
363 1166 436 1209 καὶ
473 1163 710 1219 ἐνουρέειν,
752 1165 826 1207 καὶ
863 1164 1001 1216 πόδας
1039 1165 1384 1218 ἐναπονίζεσθαι,

98 1244 261 1297 6,,τότε
291 1245 336 1288 δὲ
374 1244 568 1300 μεγάλως
607 1244 822 1300 σέβεσθαι.
884 1242 967 1300 ἤδη
997 1240 1077 1295 ὧν,
1117 1244 1202 1300 ἔφη
1232 1245 1440 1299 λέγων,4ο

126 1356 151 1375 ,,
163 1321 321 1380 ὁμοίως
351 1321 483 1375 αὐτὸς
511 1326 572 1381 τῷ
605 1325 898 1380 ποδανιπτῆρι
927 1324 1203 1380 πεπρηγέναι.
1239 1325 1274 1367 εἰ
1300 1322 1382 1380 γὰρ

71 1521 134 1546 cur
151 1521 172 1545 a
190 1507 337 1558 vulgata
367 1509 534 1547 recedam
548 1538 558 1556 ,
587 1509 624 1546 in
647 1521 718 1559 qua

71 1563 395 1617 προσαγαγέσθαι
419 1567 465 1603 de
484 1566 608 1602 Amasi
626 1567 720 1616 opti-

70 1634 129 1659 me
159 1622 287 1658 dicitur
307 1650 319 1668 ,
367 1623 427 1671 qui
457 1621 719 1672 Aegyptiorum

71 1678 211 1715 animos
241 1678 308 1714 sibi
344 1678 539 1715 conciliarit
574 1683 608 1715 et
641 1679 722 1727 qui-

71 1734 155 1770 dem
175 1735 338 1786 σοφιῇί.
359 1748 390 1772 e.
418 1735 610 1783 sapientia,
632 1747 719 1783 pru-

71 1789 215 1837 dentia,
241 1803 360 1839 neque
376 1791 552 1836 stultum,
580 1793 720 1840 impe'rz-

71 1848 156 1893 tia,
193 1845 318 1883 stolido
340 1847 447 1896 fastu
477 1842 573 1894 (ουκ
595 1842 718 1898 ἄγνω-

72 1897 262 1956 μοσύνῃ),
290 1915 362 1951 quo
383 1904 502 1954 potius
526 1915 548 1939 a
570 1916 608 1940 se
635 1903 720 1941 alie-

72 1963 196 1996 nasset
252 1958 515 2010 Aegyptiorum
569 1961 720 1996 animos.

70 2014 216 2064 Itaque,
245 2015 338 2053 bene
367 2017 585 2053 admonente
610 2015 719 2053 Wes-

74 2071 255 2120 selingiO,
297 2073 408 2109 verba
439 2067 514 2111 ουίι
543 2087 720 2123 αγιωμο-

74 2122 199 2194 σύνῃ
220 2101 318 2165 idem
351 2130 428 2166 fere
455 2133 585 2165 sonant
612 2133 722 2178 atque

74 2178 161 2222 οἷνο
172 2179 199 2233 ’ἡ
211 2198 230 2222 τ
241 2199 270 2222 ω
281 2199 300 2231 ς
323 2189 358 2222 et
373 2185 628 2235 praecedentia
645 2197 724 2222 ma·-

73 2239 128 2304 gis
172 2240 378 2290 explicant,
419 2242 724 2291 quemadmodum

73 2297 111 2332 in
158 2296 286 2333 Nostri
323 2298 486 2335 oratione
527 2298 725 2335 abundanti

42 2390 45 2391 γ
74 2351 170 2389 haud
190 2353 300 2390 semel
320 2354 512 2391 observare
531 2353 624 2391 licet.
641 2353 725 2390 Alia

19 2426 21 2428 ·
77 2409 252 2456 quaedam
281 2410 389 2448 affert
416 2409 547 2447 Matth.
568 2411 633 2447 Gr.
657 2411 723 2447 Gr.

75 2476 112 2512 p-
134 2465 238 2504 1310
264 2479 339 2515 seq.
395 2465 449 2504 Ac
467 2466 591 2504 laudat
616 2466 724 2504 Wes-

79 2518 203 2568 seling.
221 2521 352 2559 scholia
378 2522 637 2560 Demosthenis
669 2527 724 2560 at-

79 2587 151 2623 que
177 2575 472 2626 Harpocration.
514 2579 575 2616 ubi
606 2575 723 2644 οἷγνο·

81 2625 212 2696 μόνως
259 2634 458 2684 explicatur
481 2649 490 2672 :
530 2631 722 2685 ανοήτως,

82 2681 310 2738 αλογίστως,
341 2686 542 2740 ἅβουλως,·
572 2692 724 2742 ipseque

80 2741 313 2781 Herodotus
305 2759 342 2782 m
361 2749 538 2796 imperitia
558 2752 595 2785 et
616 2748 725 2797 fastu

81 2810 205 2835 vocem
223 2801 429 2850 frequentat
443 2803 507 2851 VI,
528 2806 591 2845 10.
610 2804 676 2850 IX,
686 2805 723 2844 3

83 2851 241 2904 Euripid.
270 2857 403 2896 Bacch.
431 2859 522 2901 884.
552 2859 724 2911 Sophocl.

84 2907 250 2948 Trachin.
275 2914 393 2955 1273.

844 1506 1168 1559 ἒναπενιζέατο]
1201 1507 1258 1545 Ad
1290 1510 1440 1546 formam

787 1569 881 1605 conf.
910 1564 1086 1619 ἐγενέατο
1120 1566 1174 1613 ll,
1211 1567 1290 1606 166
1319 1565 1441 1614 ibique

786 1623 910 1661 laudd.
939 1645 994 1650 ——
1023 1623 1082 1659 De
1107 1636 1167 1661 πο
1184 1618 1232 1672 ιη’
1248 1625 1441 1660 σασθαι

788 1680 825 1716 in
848 1693 950 1728 seqq.
972 1679 1043 1715 vid.
1064 1678 1121 1725 ΙΙ,
1146 1681 1224 1719 127
1243 1679 1327 1727 ibiq.
1348 1682 1439 1714 nott.

789 1758 845 1762 —-
876 1735 936 1772 Ad
972 1735 1101 1772 verba:
1143 1736 1229 1783 τῆς
1266 1729 1442 1780 πόλιος

787 1786 810 1831 3
822 1806 909 1830 κου
936 1793 1044 1838 confi,
1062 1791 1090 1828 si
1114 1791 1205 1828 tanti
1226 1795 1293 1839 est,
1308 1789 1439 1827 Matth.

788 1848 855 1885 Gr.
875 1849 940 1885 Gr.
963 1860 1050 1899 pag.
1073 1849 1165 1889 632·

843 1956 888 1999 τό
918 1959 970 2000 ἐκ
1001 1962 1082 1998 τῶν
1107 1954 1237 1998 οἷστῶν
1258 1956 1441 2010 ποιεύμε-

788 2019 876 2062 νον]
909 2016 951 2056 ἒκ
976 2017 1104 2054 eodem
1133 2016 1265 2064 modo,
1299 2030 1372 2066 quo
1392 2017 1439 2065 ll,

749 2103 752 2107 .
792 2072 882 2114 148.
907 2073 998 2114 151.
1027 2095 1079 2101 —
1109 2072 1167 2110 Ad
1191 2077 1441 2121 argumentum

789 2130 882 2167 conf.
895 2130 1030 2167 Minue.
1050 2129 1159 2167 Felic.
1182 2129 1218 2165 in
1232 2130 1360 2166 Octav.
1374 2130 1440 2170 23.

790 2185 966 2235 „Tangit
984 2187 1137 2223 eandem
1166 2198 1242 2223 rem
1258 2185 1440 2222 Plutarch.

792 2256 877 2293 opp.
906 2243 940 2279 ΙΙ
964 2257 1001 2293 p.
1030 2242 1131 2289 151,
1152 2241 1206 2288 E,
1231 2242 1293 2278 ubi
1323 2242 1442 2279 nostri

792 2298 861 2335 loci
878 2299 974 2335 haud
1002 2298 1133 2336 oblitus
1153 2302 1229 2336 erat
1250 2297 1441 2346 Wyttenb.

792 2355 1051 2449 animadversa
1080 2355 1120 2404 1,
1149 2358 1176 2396 2
1210 2366 1294 2406 pag.
1320 2353 1442 2396 944.“

830 2424 858 2448 r.

848 2520 927 2573 ἔφη
957 2519 1101 2575 λέγων,
1141 2520 1289 2573 ὁμοίως
1326 2517 1443 2569 αὐτὸς

790 2593 825 2617 κ.
853 2593 886 2617 τ.
913 2577 960 2629 λ.]
998 2579 1149 2630 Optime
1175 2579 1263 2617 haec
1288 2579 1442 2617 laudans

791 2636 839 2673 ob
863 2636 975 2672 dativi
1003 2649 1107 2673 usum
1134 2635 1264 2673 Matth.
1285 2635 1350 2672 Gr.
1375 2635 1442 2672 Gr.

791 2689 829 2742 ἓ.
848 2693 950 2739 386,
977 2693 1004 2732 3
1040 2692 1090 2729 sic
1117 2692 1257 2729 reddit:
1288 2704 1356 2740 „es
1384 2705 1444 2742 εει]

791 2748 863 2785 ihm
891 2748 970 2785 eben
995 2761 1032 2785 so
1060 2760 1245 2796 gegangen
1274 2749 1339 2785 wie
1368 2748 1444 2785 dem

797 2803 1048 2841 Waschbecken
1062 2804 1131 2853 fiir
1155 2804 1210 2841 die
1226 2802 1264 2841 F
1264 2805 1442 2841 iissef‘-

792 2860 886 2897 Ibid.
903 2861 974 2898 vid.
997 2859 1034 2911 ἓ.
1056 2862 1137 2903 636
1166 2873 1252 2911 pag.
1266 2862 1374 2901 1310
1395 2860 1443 2896 de

795 2914 872 2966 ε’φη
892 2914 1027 2968 λέγων.
