<?xml version="1.0" encoding="UTF-8"?>
<!DOCTYPE html PUBLIC "-//W3C//DTD XHTML 1.0 Transitional//EN"
    "http://www.w3.org/TR/xhtml1/DTD/xhtml1-transitional.dtd">
<html xmlns="http://www.w3.org/1999/xhtml" xml:lang="en" lang="en">
 <head>
  <title>
</title>
<meta http-equiv="Content-Type" content="text/html;charset=utf-8" />
  <meta name='ocr-system' content='tesseract 3.04.00' />
  <meta name='ocr-capabilities' content='ocr_page ocr_carea ocr_par ocr_line ocrx_word'/>
</head>
<body>
  <div class='ocr_page' id='page_1' title='image "./musaeher01hero/musaeher01hero_0433.png"; bbox 0 0 1773 3324; ppageno 0'>
   <div class='ocr_carea' id='block_1_1' title="bbox 628 249 938 296">
    <p class='ocr_par' dir='ltr' id='par_1_1' title="bbox 628 249 938 296">
     <span class='ocr_line' id='line_1_1' title="bbox 628 249 938 296; baseline -0.013 -3"><span class='ocrx_word' id='word_1_1' title='bbox 628 250 851 296; x_wconf 72' lang='lat' dir='ltr'>cLlo.</span> <span class='ocrx_word' id='word_1_2' title='bbox 906 249 938 290; x_wconf 93' lang='lat'>1.</span> 
     </span>
    </p>
   </div>
   <div class='ocr_carea' id='block_1_2' title="bbox 1333 249 1421 292">
    <p class='ocr_par' dir='ltr' id='par_1_2' title="bbox 1333 249 1421 292">
     <span class='ocr_line' id='line_1_2' title="bbox 1333 249 1421 292; baseline -0.023 0"><span class='ocrx_word' id='word_1_3' title='bbox 1333 249 1421 292; x_wconf 72' lang='lat'>‚415</span> 
     </span>
    </p>
   </div>
   <div class='ocr_carea' id='block_1_3' title="bbox 32 356 1467 1294">
    <p class='ocr_par' dir='ltr' id='par_1_3' title="bbox 32 356 1467 1294">
     <span class='ocr_line' id='line_1_3' title="bbox 32 356 1420 427; baseline -0.012 -9"><span class='ocrx_word' id='word_1_4' title='bbox 32 373 133 421; x_wconf 80' lang='lat'>186</span> <span class='ocrx_word' id='word_1_5' title='bbox 156 371 290 427; x_wconf 82' lang='grc' dir='ltr'><strong><em>αὐτῆς</em></strong></span> <span class='ocrx_word' id='word_1_6' title='bbox 315 367 377 412; x_wconf 75' lang='grc' dir='ltr'><strong><em>τοὶ.</em></strong></span> <span class='ocrx_word' id='word_1_7' title='bbox 395 362 637 421; x_wconf 81' lang='grc' dir='ltr'><strong><em>πρήγματα.</em></strong></span> <span class='ocrx_word' id='word_1_8' title='bbox 699 364 850 405; x_wconf 82' lang='grc' dir='ltr'><strong><em>Ταῦτα</em></strong></span> <span class='ocrx_word' id='word_1_9' title='bbox 887 359 966 418; x_wconf 78' lang='grc' dir='ltr'><strong><em>μὲν</em></strong></span> <span class='ocrx_word' id='word_1_10' title='bbox 994 357 1048 416; x_wconf 80' lang='grc' dir='ltr'>δὴ</span> <span class='ocrx_word' id='word_1_11' title='bbox 1078 357 1127 403; x_wconf 81' lang='grc' dir='ltr'>ἐκ</span> <span class='ocrx_word' id='word_1_12' title='bbox 1155 356 1319 415; x_wconf 79' lang='grc' dir='ltr'><strong><em>βάθεος</em></strong></span> <span class='ocrx_word' id='word_1_13' title='bbox 1346 373 1420 402; x_wconf 86' lang='grc' dir='ltr'>πε-</span> 
     </span>
     <span class='ocr_line' id='line_1_4' title="bbox 153 435 1467 506; baseline -0.011 -12"><span class='ocrx_word' id='word_1_14' title='bbox 153 448 387 506; x_wconf 82' lang='grc' dir='ltr'><strong><em>ριεβάλετο·</em></strong></span> <span class='ocrx_word' id='word_1_15' title='bbox 425 440 600 498; x_wconf 85' lang='grc' dir='ltr'><strong><em>τοιήνδε</em></strong></span> <span class='ocrx_word' id='word_1_16' title='bbox 630 440 677 485; x_wconf 80' lang='grc' dir='ltr'>δὲ</span> <span class='ocrx_word' id='word_1_17' title='bbox 706 441 749 493; x_wconf 74' lang='grc' dir='ltr'>ἐξ</span> <span class='ocrx_word' id='word_1_18' title='bbox 778 438 928 484; x_wconf 76' lang='grc' dir='ltr'><strong><em>αὐτῶν</em></strong></span> <span class='ocrx_word' id='word_1_19' title='bbox 952 436 1238 495; x_wconf 79' lang='grc' dir='ltr'><strong><em>παρενθήκην</em></strong></span> <span class='ocrx_word' id='word_1_20' title='bbox 1265 435 1411 493; x_wconf 82' lang='grc' dir='ltr'><strong><em>ἐποιή-</em></strong></span> <span class='ocrx_word' id='word_1_21' title='bbox 1422 442 1467 477; x_wconf 89' lang='grc'>60</span> 
     </span>
     <span class='ocr_line' id='line_1_5' title="bbox 122 516 1417 580; baseline -0.008 -10"><span class='ocrx_word' id='word_1_22' title='bbox 122 536 274 574; x_wconf 68' lang='grc' dir='ltr'><strong><em>Ξσατο.</em></strong></span> <span class='ocrx_word' id='word_1_23' title='bbox 337 527 424 580; x_wconf 79' lang='grc' dir='ltr'>Τῆς</span> <span class='ocrx_word' id='word_1_24' title='bbox 451 520 606 573; x_wconf 85' lang='grc' dir='ltr'><strong><em>πόλιος</em></strong></span> <span class='ocrx_word' id='word_1_25' title='bbox 642 519 798 577; x_wconf 83' lang='grc' dir='ltr'><strong><em>ἐούσης</em></strong></span> <span class='ocrx_word' id='word_1_26' title='bbox 835 517 916 563; x_wconf 84' lang='grc' dir='ltr'>δύο</span> <span class='ocrx_word' id='word_1_27' title='bbox 961 517 1191 575; x_wconf 78' lang='grc' dir='ltr'><strong><em>φαρσέων,</em></strong></span> <span class='ocrx_word' id='word_1_28' title='bbox 1248 520 1330 561; x_wconf 87' lang='grc' dir='ltr'><strong><em>τοῦ</em></strong></span> <span class='ocrx_word' id='word_1_29' title='bbox 1369 516 1417 561; x_wconf 78' lang='grc' dir='ltr'>δὲ</span> 
     </span>
     <span class='ocr_line' id='line_1_6' title="bbox 151 595 1419 661; baseline -0.009 -11"><span class='ocrx_word' id='word_1_30' title='bbox 151 607 349 661; x_wconf 82' lang='grc' dir='ltr'><strong><em>ποταμοῦ</em></strong></span> <span class='ocrx_word' id='word_1_31' title='bbox 378 601 511 659; x_wconf 85' lang='grc' dir='ltr'><strong><em>μέσον</em></strong></span> <span class='ocrx_word' id='word_1_32' title='bbox 539 601 736 658; x_wconf 72' lang='grc' dir='ltr'><strong><em>ἔχοντος,</em></strong></span> <span class='ocrx_word' id='word_1_33' title='bbox 775 598 845 643; x_wconf 79' lang='grc' dir='ltr'>ἐπὶ</span> <span class='ocrx_word' id='word_1_34' title='bbox 873 601 962 642; x_wconf 76' lang='grc' dir='ltr'>τῶν</span> <span class='ocrx_word' id='word_1_35' title='bbox 1002 596 1221 652; x_wconf 86' lang='grc' dir='ltr'><strong><em>πρότερον</em></strong></span> <span class='ocrx_word' id='word_1_36' title='bbox 1249 595 1419 653; x_wconf 86' lang='grc' dir='ltr'><strong><em>βασιλέ-</em></strong></span> 
     </span>
     <span class='ocr_line' id='line_1_7' title="bbox 148 674 1418 734; baseline -0.008 -5"><span class='ocrx_word' id='word_1_37' title='bbox 148 700 212 730; x_wconf 90' lang='grc' dir='ltr'><strong><em>ων</em></strong></span> <span class='ocrx_word' id='word_1_38' title='bbox 240 683 355 734; x_wconf 81' lang='grc' dir='ltr'><strong><em>ὅκως</em></strong></span> <span class='ocrx_word' id='word_1_39' title='bbox 384 699 450 734; x_wconf 83' lang='grc' dir='ltr'><strong><em>τις</em></strong></span> <span class='ocrx_word' id='word_1_40' title='bbox 479 680 625 726; x_wconf 77' lang='grc' dir='ltr'><strong><em>ἐθέλοι</em></strong></span> <span class='ocrx_word' id='word_1_41' title='bbox 652 680 700 724; x_wconf 75' lang='grc' dir='ltr'>ἐκ</span> <span class='ocrx_word' id='word_1_42' title='bbox 728 682 808 724; x_wconf 86' lang='grc' dir='ltr'><strong><em>τοῦ</em></strong></span> <span class='ocrx_word' id='word_1_43' title='bbox 840 678 990 734; x_wconf 81' lang='grc' dir='ltr'><strong><em>ἑτέρου</em></strong></span> <span class='ocrx_word' id='word_1_44' title='bbox 1020 674 1215 733; x_wconf 80' lang='grc' dir='ltr'><strong><em>φάρσεος</em></strong></span> <span class='ocrx_word' id='word_1_45' title='bbox 1244 676 1288 729; x_wconf 81' lang='grc' dir='ltr'>ἐς</span> <span class='ocrx_word' id='word_1_46' title='bbox 1315 674 1418 720; x_wconf 78' lang='grc' dir='ltr'><strong><em>τοίί-</em></strong></span> 
     </span>
     <span class='ocr_line' id='line_1_8' title="bbox 119 751 1416 819; baseline -0.005 -13"><span class='ocrx_word' id='word_1_47' title='bbox 119 771 281 818; x_wconf 82' lang='grc' dir='ltr'><strong><em>3τερον</em></strong></span> <span class='ocrx_word' id='word_1_48' title='bbox 319 763 552 819; x_wconf 77' lang='grc' dir='ltr'><strong><em>διαβῆναι,</em></strong></span> <span class='ocrx_word' id='word_1_49' title='bbox 604 763 714 817; x_wconf 86' lang='grc' dir='ltr'><strong><em>χρῆν</em></strong></span> <span class='ocrx_word' id='word_1_50' title='bbox 750 758 890 816; x_wconf 83' lang='grc' dir='ltr'><strong><em>πλοίῳ</em></strong></span> <span class='ocrx_word' id='word_1_51' title='bbox 928 758 1185 814; x_wconf 79' lang='grc' dir='ltr'><strong><em>διαβαίνειν.</em></strong></span> <span class='ocrx_word' id='word_1_52' title='bbox 1243 756 1317 801; x_wconf 84' lang='grc' dir='ltr'>καὶ</span> <span class='ocrx_word' id='word_1_53' title='bbox 1344 751 1416 813; x_wconf 82' lang='grc' dir='ltr'><strong><em>ἦν,</em></strong></span> 
     </span>
     <span class='ocr_line' id='line_1_9' title="bbox 145 836 1411 898; baseline -0.006 -11"><span class='ocrx_word' id='word_1_54' title='bbox 145 841 205 895; x_wconf 74' lang='grc' dir='ltr'>ὥς</span> <span class='ocrx_word' id='word_1_55' title='bbox 231 840 315 898; x_wconf 77' lang='grc' dir='ltr'>ἐγώ</span> <span class='ocrx_word' id='word_1_56' title='bbox 347 841 507 893; x_wconf 80' lang='grc' dir='ltr'><strong><em>δοκέω,</em></strong></span> <span class='ocrx_word' id='word_1_57' title='bbox 548 838 737 896; x_wconf 81' lang='grc' dir='ltr'><strong><em>ὀχληρὸν</em></strong></span> <span class='ocrx_word' id='word_1_58' title='bbox 764 841 916 881; x_wconf 87' lang='grc' dir='ltr'><strong><em>τοῦτο·</em></strong></span> <span class='ocrx_word' id='word_1_59' title='bbox 963 837 1073 894; x_wconf 82' lang='grc' dir='ltr'><strong><em>αὕτη</em></strong></span> <span class='ocrx_word' id='word_1_60' title='bbox 1104 836 1149 881; x_wconf 82' lang='grc' dir='ltr'>δὲ</span> <span class='ocrx_word' id='word_1_61' title='bbox 1178 836 1251 880; x_wconf 82' lang='grc' dir='ltr'>καὶ</span> <span class='ocrx_word' id='word_1_62' title='bbox 1279 839 1411 880; x_wconf 85' lang='grc' dir='ltr'><strong><em>τοῦτο</em></strong></span> 
     </span>
     <span class='ocr_line' id='line_1_10' title="bbox 143 915 1467 977; baseline -0.005 -11"><span class='ocrx_word' id='word_1_63' title='bbox 143 922 327 977; x_wconf 74' lang='grc' dir='ltr'><strong><em>προεῖδε.</em></strong></span> <span class='ocrx_word' id='word_1_64' title='bbox 385 919 478 964; x_wconf 80' lang='grc' dir='ltr'><strong><em>ἐπεί</em></strong></span> <span class='ocrx_word' id='word_1_65' title='bbox 505 935 550 963; x_wconf 83' lang='grc' dir='ltr'><strong><em>τε</em></strong></span> <span class='ocrx_word' id='word_1_66' title='bbox 573 918 660 975; x_wconf 75' lang='grc' dir='ltr'><strong><em>γάρ</em></strong></span> <span class='ocrx_word' id='word_1_67' title='bbox 690 916 861 972; x_wconf 74' lang='grc' dir='ltr'><strong><em>ὤρυσσε</em></strong></span> <span class='ocrx_word' id='word_1_68' title='bbox 889 915 939 960; x_wconf 80' lang='grc' dir='ltr'><strong><em>τό</em></strong></span> <span class='ocrx_word' id='word_1_69' title='bbox 971 917 1152 973; x_wconf 76' lang='grc' dir='ltr'><strong><em>ἔλυτρον</em></strong></span> <span class='ocrx_word' id='word_1_70' title='bbox 1180 920 1234 973; x_wconf 81' lang='grc' dir='ltr'><strong><em>τῇ</em></strong></span> <span class='ocrx_word' id='word_1_71' title='bbox 1263 917 1407 974; x_wconf 84' lang='grc' dir='ltr'><strong><em>λίμνῃ,</em></strong></span> <span class='ocrx_word' id='word_1_72' title='bbox 1421 923 1467 959; x_wconf 87' lang='grc'>65</span> 
     </span>
     <span class='ocr_line' id='line_1_11' title="bbox 146 993 1410 1059; baseline -0.006 -13"><span class='ocrx_word' id='word_1_73' title='bbox 146 998 430 1059; x_wconf 88' lang='grc' dir='ltr'><strong><em>μνημόσυνον</em></strong></span> <span class='ocrx_word' id='word_1_74' title='bbox 458 997 557 1043; x_wconf 86' lang='grc' dir='ltr'><strong><em>τόδε</em></strong></span> <span class='ocrx_word' id='word_1_75' title='bbox 586 997 692 1042; x_wconf 76' lang='grc' dir='ltr'><strong><em>ἄλλο</em></strong></span> <span class='ocrx_word' id='word_1_76' title='bbox 723 994 808 1041; x_wconf 81' lang='grc' dir='ltr'>ἀπό</span> <span class='ocrx_word' id='word_1_77' title='bbox 846 999 929 1040; x_wconf 85' lang='grc' dir='ltr'><strong><em>τοῦ</em></strong></span> <span class='ocrx_word' id='word_1_78' title='bbox 973 993 1114 1040; x_wconf 80' lang='grc' dir='ltr'><strong><em>αὐτοῦ</em></strong></span> <span class='ocrx_word' id='word_1_79' title='bbox 1157 995 1288 1051; x_wconf 69' lang='grc' dir='ltr'><strong><em>ἔργον</em></strong></span> <span class='ocrx_word' id='word_1_80' title='bbox 1326 994 1410 1039; x_wconf 78' lang='grc' dir='ltr'><strong><em>ἐλί-</em></strong></span> 
     </span>
     <span class='ocr_line' id='line_1_12' title="bbox 117 1069 1408 1135; baseline -0.003 -13"><span class='ocrx_word' id='word_1_81' title='bbox 117 1084 261 1126; x_wconf 78' lang='grc' dir='ltr'><strong><em>4πετο.</em></strong></span> <span class='ocrx_word' id='word_1_82' title='bbox 291 1078 495 1135; x_wconf 79' lang='grc' dir='ltr'><strong><em>ἐτάμνετο</em></strong></span> <span class='ocrx_word' id='word_1_83' title='bbox 525 1079 683 1129; x_wconf 80' lang='grc' dir='ltr'><strong><em>λίθους</em></strong></span> <span class='ocrx_word' id='word_1_84' title='bbox 718 1075 1005 1132; x_wconf 80' lang='grc' dir='ltr'><strong><em>περιμήκεας·</em></strong></span> <span class='ocrx_word' id='word_1_85' title='bbox 1054 1073 1114 1127; x_wconf 79' lang='grc' dir='ltr'>ὠς</span> <span class='ocrx_word' id='word_1_86' title='bbox 1144 1074 1190 1119; x_wconf 85' lang='grc' dir='ltr'>δέ</span> <span class='ocrx_word' id='word_1_87' title='bbox 1221 1077 1265 1119; x_wconf 80' lang='grc' dir='ltr'>οἱ</span> <span class='ocrx_word' id='word_1_88' title='bbox 1293 1069 1408 1132; x_wconf 80' lang='grc' dir='ltr'><strong><em>ἦσαν</em></strong></span> 
     </span>
     <span class='ocr_line' id='line_1_13' title="bbox 144 1153 1409 1214; baseline -0.006 -9"><span class='ocrx_word' id='word_1_89' title='bbox 144 1162 189 1204; x_wconf 81' lang='grc' dir='ltr'>οἱ</span> <span class='ocrx_word' id='word_1_90' title='bbox 215 1161 337 1204; x_wconf 81' lang='grc' dir='ltr'><strong><em>λίθοι</em></strong></span> <span class='ocrx_word' id='word_1_91' title='bbox 365 1158 554 1214; x_wconf 77' lang='grc' dir='ltr'><strong><em>ἑτοῖμοι,</em></strong></span> <span class='ocrx_word' id='word_1_92' title='bbox 611 1157 686 1201; x_wconf 84' lang='grc' dir='ltr'>καὶ</span> <span class='ocrx_word' id='word_1_93' title='bbox 714 1155 763 1201; x_wconf 86' lang='grc' dir='ltr'><strong><em>τό</em></strong></span> <span class='ocrx_word' id='word_1_94' title='bbox 791 1157 954 1212; x_wconf 85' lang='grc' dir='ltr'><strong><em>χωρίον</em></strong></span> <span class='ocrx_word' id='word_1_95' title='bbox 983 1153 1231 1211; x_wconf 85' lang='grc' dir='ltr'><strong><em>ὀρώρυκτο,</em></strong></span> <span class='ocrx_word' id='word_1_96' title='bbox 1270 1154 1409 1209; x_wconf 81' lang='grc' dir='ltr'><strong><em>ἐκτρέ-</em></strong></span> 
     </span>
     <span class='ocr_line' id='line_1_14' title="bbox 143 1232 1408 1294; baseline -0.003 -11"><span class='ocrx_word' id='word_1_97' title='bbox 143 1246 263 1292; x_wconf 83' lang='grc' dir='ltr'><strong><em>ψασα</em></strong></span> <span class='ocrx_word' id='word_1_98' title='bbox 290 1242 370 1282; x_wconf 87' lang='grc' dir='ltr'><strong><em>τοῦ</em></strong></span> <span class='ocrx_word' id='word_1_99' title='bbox 396 1239 599 1294; x_wconf 82' lang='grc' dir='ltr'><strong><em>ποταμοῦ</em></strong></span> <span class='ocrx_word' id='word_1_100' title='bbox 637 1235 688 1281; x_wconf 86' lang='grc' dir='ltr'><strong><em>τὸ</em></strong></span> <span class='ocrx_word' id='word_1_101' title='bbox 724 1236 911 1293; x_wconf 77' lang='grc' dir='ltr'><strong><em>ῥέεθρον</em></strong></span> <span class='ocrx_word' id='word_1_102' title='bbox 947 1237 1038 1279; x_wconf 80' lang='grc' dir='ltr'><strong><em>πᾶν</em></strong></span> <span class='ocrx_word' id='word_1_103' title='bbox 1074 1235 1119 1287; x_wconf 79' lang='grc' dir='ltr'>ἐς</span> <span class='ocrx_word' id='word_1_104' title='bbox 1156 1232 1206 1279; x_wconf 81' lang='grc' dir='ltr'><strong><em>τὸ</em></strong></span> <span class='ocrx_word' id='word_1_105' title='bbox 1238 1232 1408 1289; x_wconf 74' lang='grc' dir='ltr'><strong><em>ὤρυσσε</em></strong></span> 
     </span>
    </p>
   </div>
   <div class='ocr_carea' id='block_1_4' title="bbox 86 1371 361 1382">
    <p class='ocr_par' dir='ltr' id='par_1_4' title="bbox 86 1371 361 1382">
     <span class='ocr_line' id='line_1_15' title="bbox 86 1371 361 1382; baseline 0 0"><span class='ocrx_word' id='word_1_106' title='bbox 86 1371 361 1382; x_wconf 95' lang='lat' dir='ltr'> </span> 
     </span>
    </p>
   </div>
   <div class='ocr_carea' id='block_1_5' title="bbox 81 1444 737 1778">
    <p class='ocr_par' dir='ltr' id='par_1_5' title="bbox 81 1444 737 1778">
     <span class='ocr_line' id='line_1_16' title="bbox 85 1444 737 1498; baseline -0.008 -12"><span class='ocrx_word' id='word_1_107' title='bbox 85 1446 157 1498; x_wconf 70' lang='grc' dir='ltr'>(1οὲ</span> <span class='ocrx_word' id='word_1_108' title='bbox 177 1446 331 1485; x_wconf 86' lang='lat' dir='ltr'>eMedia</span> <span class='ocrx_word' id='word_1_109' title='bbox 348 1444 633 1494; x_wconf 87' lang='lat' dir='ltr'>inBabyloniam</span> <span class='ocrx_word' id='word_1_110' title='bbox 650 1456 737 1495; x_wconf 88' lang='lat' dir='ltr'>per-</span> 
     </span>
     <span class='ocr_line' id='line_1_17' title="bbox 83 1501 735 1555; baseline -0.006 -14"><span class='ocrx_word' id='word_1_111' title='bbox 83 1503 198 1542; x_wconf 87' lang='lat' dir='ltr'>veniri</span> <span class='ocrx_word' id='word_1_112' title='bbox 234 1503 366 1555; x_wconf 82' lang='lat' dir='ltr'><strong>possit.</strong></span> <span class='ocrx_word' id='word_1_113' title='bbox 397 1523 446 1530; x_wconf 92' lang='lat'>—</span> <span class='ocrx_word' id='word_1_114' title='bbox 487 1502 530 1539; x_wconf 94' lang='lat' dir='ltr'>In</span> <span class='ocrx_word' id='word_1_115' title='bbox 557 1501 630 1538; x_wconf 84' lang='lat' dir='ltr'>fine</span> <span class='ocrx_word' id='word_1_116' title='bbox 655 1514 735 1551; x_wconf 85' lang='lat' dir='ltr'>cap.</span> 
     </span>
     <span class='ocr_line' id='line_1_18' title="bbox 83 1558 735 1612; baseline -0.009 -12"><span class='ocrx_word' id='word_1_117' title='bbox 83 1558 360 1612; x_wconf 76' lang='grc' dir='ltr'><strong><em>ἐπιμίσγεσθαι</em></strong></span> <span class='ocrx_word' id='word_1_118' title='bbox 393 1562 469 1596; x_wconf 88' lang='lat' dir='ltr'>est:</span> <span class='ocrx_word' id='word_1_119' title='bbox 499 1559 735 1595; x_wconf 75' lang='lat' dir='ltr'>commercium</span> 
     </span>
     <span class='ocr_line' id='line_1_19' title="bbox 81 1614 736 1664; baseline -0.006 -10"><span class='ocrx_word' id='word_1_120' title='bbox 81 1620 244 1654; x_wconf 89' lang='lat' dir='ltr'>mutuum</span> <span class='ocrx_word' id='word_1_121' title='bbox 261 1615 461 1662; x_wconf 83' lang='lat' dir='ltr'><strong>instituere,</strong></span> <span class='ocrx_word' id='word_1_122' title='bbox 481 1614 640 1663; x_wconf 86' lang='lat' dir='ltr'>indeque</span> <span class='ocrx_word' id='word_1_123' title='bbox 650 1627 736 1664; x_wconf 86' lang='lat' dir='ltr'>pro-</span> 
     </span>
     <span class='ocr_line' id='line_1_20' title="bbox 82 1670 734 1723; baseline -0.005 -14"><span class='ocrx_word' id='word_1_124' title='bbox 82 1672 165 1723; x_wconf 81' lang='lat' dir='ltr'>pius</span> <span class='ocrx_word' id='word_1_125' title='bbox 213 1672 408 1718; x_wconf 83' lang='lat' dir='ltr'>accedere,</span> <span class='ocrx_word' id='word_1_126' title='bbox 462 1670 734 1708; x_wconf 81' lang='lat' dir='ltr'>consuetudinis</span> 
     </span>
     <span class='ocr_line' id='line_1_21' title="bbox 81 1726 735 1778; baseline -0.003 -13"><span class='ocrx_word' id='word_1_127' title='bbox 81 1728 263 1766; x_wconf 89' lang='lat' dir='ltr'>ineundae</span> <span class='ocrx_word' id='word_1_128' title='bbox 280 1726 478 1778; x_wconf 89' lang='lat' dir='ltr'>pericnlum</span> <span class='ocrx_word' id='word_1_129' title='bbox 495 1727 628 1764; x_wconf 73' lang='lat' dir='ltr'>faeere.</span> <span class='ocrx_word' id='word_1_130' title='bbox 675 1726 735 1764; x_wconf 87' lang='lat' dir='ltr'>Cf.</span> 
     </span>
    </p>
   </div>
   <div class='ocr_carea' id='block_1_6' title="bbox 79 1783 606 1947">
    <p class='ocr_par' dir='ltr' id='par_1_6' title="bbox 79 1783 606 1947">
     <span class='ocr_line' id='line_1_22' title="bbox 79 1783 427 1832; baseline 0 -10"><span class='ocrx_word' id='word_1_131' title='bbox 79 1783 137 1832; x_wconf 90' lang='lat'>11,</span> <span class='ocrx_word' id='word_1_132' title='bbox 163 1783 368 1826; x_wconf 85' lang='lat'><strong>104.151.</strong></span> <span class='ocrx_word' id='word_1_133' title='bbox 415 1801 427 1805; x_wconf 21' lang='lat' dir='ltr'><em>Q</em></span> 
     </span>
     <span class='ocr_line' id='line_1_23' title="bbox 220 1894 606 1947; baseline -0.003 -14"><span class='ocrx_word' id='word_1_134' title='bbox 220 1895 333 1947; x_wconf 78' lang='lat' dir='ltr'>Cap.</span> <span class='ocrx_word' id='word_1_135' title='bbox 364 1894 606 1934; x_wconf 82' lang='lat' dir='ltr'>chxxvl.</span> 
     </span>
    </p>
   </div>
   <div class='ocr_carea' id='block_1_7' title="bbox 78 1973 732 2244">
    <p class='ocr_par' dir='ltr' id='par_1_7' title="bbox 78 1973 732 2244">
     <span class='ocr_line' id='line_1_24' title="bbox 135 1973 732 2031; baseline -0.002 -13"><span class='ocrx_word' id='word_1_136' title='bbox 135 1981 260 2019; x_wconf 83' lang='grc' dir='ltr'><strong><em>ταῦτα</em></strong></span> <span class='ocrx_word' id='word_1_137' title='bbox 279 1976 354 2030; x_wconf 84' lang='grc' dir='ltr'><strong><em>μὲν</em></strong></span> <span class='ocrx_word' id='word_1_138' title='bbox 374 1975 426 2031; x_wconf 77' lang='grc' dir='ltr'>δή</span> <span class='ocrx_word' id='word_1_139' title='bbox 440 1973 732 2031; x_wconf 77' lang='grc' dir='ltr'><strong><em>-περιεβοὲλε-</em></strong></span> 
     </span>
     <span class='ocr_line' id='line_1_25' title="bbox 79 2034 732 2087; baseline -0.005 -12"><span class='ocrx_word' id='word_1_140' title='bbox 79 2034 149 2087; x_wconf 85' lang='grc' dir='ltr'><strong><em>το]</em></strong></span> <span class='ocrx_word' id='word_1_141' title='bbox 178 2037 201 2074; x_wconf 85' lang='lat' dir='ltr'>i.</span> <span class='ocrx_word' id='word_1_142' title='bbox 225 2049 256 2074; x_wconf 86' lang='lat' dir='ltr'>e.</span> <span class='ocrx_word' id='word_1_143' title='bbox 275 2037 330 2074; x_wconf 74' lang='lat' dir='ltr'>his</span> <span class='ocrx_word' id='word_1_144' title='bbox 350 2037 466 2085; x_wconf 83' lang='lat' dir='ltr'>igitur</span> <span class='ocrx_word' id='word_1_145' title='bbox 482 2036 732 2074; x_wconf 78' lang='lat' dir='ltr'><em>munitionibus</em></span> 
     </span>
     <span class='ocr_line' id='line_1_26' title="bbox 78 2092 731 2144; baseline -0.002 -14"><span class='ocrx_word' id='word_1_146' title='bbox 78 2105 97 2130; x_wconf 82' lang='lat' dir='ltr'>e</span> <span class='ocrx_word' id='word_1_147' title='bbox 113 2092 292 2144; x_wconf 82' lang='lat' dir='ltr'>profundo</span> <span class='ocrx_word' id='word_1_148' title='bbox 310 2092 447 2142; x_wconf 79' lang='lat' dir='ltr'>effossis</span> <span class='ocrx_word' id='word_1_149' title='bbox 467 2092 516 2140; x_wconf 90' lang='lat' dir='ltr'>(s.</span> <span class='ocrx_word' id='word_1_150' title='bbox 537 2093 639 2130; x_wconf 72' lang='lat' dir='ltr'>fossa</span> <span class='ocrx_word' id='word_1_151' title='bbox 661 2092 731 2129; x_wconf 67' lang='lat' dir='ltr'>ista</span> 
     </span>
     <span class='ocr_line' id='line_1_27' title="bbox 79 2148 731 2198; baseline -0.003 -11"><span class='ocrx_word' id='word_1_152' title='bbox 79 2149 237 2198; x_wconf 86' lang='lat' dir='ltr'>eductis)</span> <span class='ocrx_word' id='word_1_153' title='bbox 266 2162 301 2187; x_wconf 82' lang='lat' dir='ltr'>se</span> <span class='ocrx_word' id='word_1_154' title='bbox 323 2149 608 2187; x_wconf 79' lang='lat' dir='ltr'><em>circumvallavit</em></span> <span class='ocrx_word' id='word_1_155' title='bbox 635 2151 668 2186; x_wconf 82' lang='lat' dir='ltr'>et</span> <span class='ocrx_word' id='word_1_156' title='bbox 685 2148 731 2186; x_wconf 79' lang='lat' dir='ltr'>ab</span> 
     </span>
     <span class='ocr_line' id='line_1_28' title="bbox 79 2204 454 2244; baseline 0.003 -2"><span class='ocrx_word' id='word_1_157' title='bbox 79 2204 174 2243; x_wconf 71' lang='lat' dir='ltr'>hoste</span> <span class='ocrx_word' id='word_1_158' title='bbox 192 2207 286 2243; x_wconf 81' lang='lat' dir='ltr'>tueri</span> <span class='ocrx_word' id='word_1_159' title='bbox 303 2205 454 2244; x_wconf 80' lang='lat' dir='ltr'>studuit.</span> 
     </span>
    </p>
   </div>
   <div class='ocr_carea' id='block_1_8' title="bbox 79 2284 731 2963">
    <p class='ocr_par' dir='ltr' id='par_1_8' title="bbox 79 2284 731 2963">
     <span class='ocr_line' id='line_1_29' title="bbox 132 2284 731 2343; baseline 0 -15"><span class='ocrx_word' id='word_1_160' title='bbox 132 2291 205 2340; x_wconf 76' lang='grc' dir='ltr'><strong><em>τῆς</em></strong></span> <span class='ocrx_word' id='word_1_161' title='bbox 223 2284 362 2337; x_wconf 84' lang='grc' dir='ltr'><strong><em>πόλιος</em></strong></span> <span class='ocrx_word' id='word_1_162' title='bbox 379 2284 522 2339; x_wconf 78' lang='grc' dir='ltr'><strong><em>ἐούσης</em></strong></span> <span class='ocrx_word' id='word_1_163' title='bbox 543 2284 616 2330; x_wconf 78' lang='grc' dir='ltr'>δύο</span> <span class='ocrx_word' id='word_1_164' title='bbox 631 2305 731 2343; x_wconf 85' lang='grc' dir='ltr'><strong><em>φαρ-</em></strong></span> 
     </span>
     <span class='ocr_line' id='line_1_30' title="bbox 79 2342 727 2396; baseline 0 -12"><span class='ocrx_word' id='word_1_165' title='bbox 79 2342 202 2392; x_wconf 77' lang='grc' dir='ltr'><strong><em>σέων]</em></strong></span> <span class='ocrx_word' id='word_1_166' title='bbox 233 2346 257 2384; x_wconf 85' lang='lat' dir='ltr'>i.</span> <span class='ocrx_word' id='word_1_167' title='bbox 278 2360 311 2386; x_wconf 87' lang='lat' dir='ltr'>e.</span> <span class='ocrx_word' id='word_1_168' title='bbox 341 2359 419 2384; x_wconf 82' lang='lat' dir='ltr'>cum</span> <span class='ocrx_word' id='word_1_169' title='bbox 434 2347 516 2384; x_wconf 79' lang='lat' dir='ltr'>urbs</span> <span class='ocrx_word' id='word_1_170' title='bbox 533 2347 625 2384; x_wconf 81' lang='lat' dir='ltr'>duas</span> <span class='ocrx_word' id='word_1_171' title='bbox 639 2360 727 2396; x_wconf 84' lang='lat' dir='ltr'>par-</span> 
     </span>
     <span class='ocr_line' id='line_1_31' title="bbox 79 2401 728 2452; baseline 0.003 -14"><span class='ocrx_word' id='word_1_172' title='bbox 79 2403 130 2439; x_wconf 70' lang='lat' dir='ltr'>tes</span> <span class='ocrx_word' id='word_1_173' title='bbox 159 2401 295 2441; x_wconf 72' lang='lat' dir='ltr'>habeat.</span> <span class='ocrx_word' id='word_1_174' title='bbox 358 2402 418 2441; x_wconf 94' lang='lat' dir='ltr'>De</span> <span class='ocrx_word' id='word_1_175' title='bbox 443 2403 594 2452; x_wconf 86' lang='lat' dir='ltr'>genitivi</span> <span class='ocrx_word' id='word_1_176' title='bbox 632 2408 728 2441; x_wconf 91' lang='lat' dir='ltr'>stru-</span> 
     </span>
     <span class='ocr_line' id='line_1_32' title="bbox 79 2458 726 2510; baseline 0.012 -16"><span class='ocrx_word' id='word_1_177' title='bbox 79 2461 179 2495; x_wconf 84' lang='lat' dir='ltr'>ctura</span> <span class='ocrx_word' id='word_1_178' title='bbox 195 2461 289 2498; x_wconf 87' lang='lat' dir='ltr'>conf.</span> <span class='ocrx_word' id='word_1_179' title='bbox 299 2458 428 2497; x_wconf 84' lang='lat' dir='ltr'>Matth.</span> <span class='ocrx_word' id='word_1_180' title='bbox 439 2460 505 2498; x_wconf 89' lang='lat' dir='ltr'>Gr.</span> <span class='ocrx_word' id='word_1_181' title='bbox 518 2459 584 2497; x_wconf 89' lang='lat' dir='ltr'>Gr.</span> <span class='ocrx_word' id='word_1_182' title='bbox 593 2473 630 2510; x_wconf 91' lang='lat' dir='ltr'>p.</span> <span class='ocrx_word' id='word_1_183' title='bbox 644 2461 726 2501; x_wconf 78' lang='lat'>623</span> 
     </span>
     <span class='ocr_line' id='line_1_33' title="bbox 81 2515 728 2567; baseline 0.008 -18"><span class='ocrx_word' id='word_1_184' title='bbox 81 2518 119 2550; x_wconf 88' lang='lat' dir='ltr'>et</span> <span class='ocrx_word' id='word_1_185' title='bbox 145 2518 220 2551; x_wconf 89' lang='lat' dir='ltr'>not.</span> <span class='ocrx_word' id='word_1_186' title='bbox 246 2516 295 2553; x_wconf 87' lang='lat' dir='ltr'>ad</span> <span class='ocrx_word' id='word_1_187' title='bbox 321 2515 358 2553; x_wconf 87' lang='lat' dir='ltr'>h.</span> <span class='ocrx_word' id='word_1_188' title='bbox 374 2515 420 2563; x_wconf 90' lang='grc'>1.,</span> <span class='ocrx_word' id='word_1_189' title='bbox 449 2516 510 2553; x_wconf 88' lang='lat' dir='ltr'>ubi</span> <span class='ocrx_word' id='word_1_190' title='bbox 535 2521 728 2567; x_wconf 83' lang='lat' dir='ltr'>praeterea</span> 
     </span>
     <span class='ocr_line' id='line_1_34' title="bbox 82 2567 725 2620; baseline 0.008 -15"><span class='ocrx_word' id='word_1_191' title='bbox 82 2567 206 2607; x_wconf 84' lang='lat' dir='ltr'>laudat</span> <span class='ocrx_word' id='word_1_192' title='bbox 225 2569 363 2610; x_wconf 85' lang='lat' dir='ltr'>Herod.</span> <span class='ocrx_word' id='word_1_193' title='bbox 392 2571 439 2620; x_wconf 92' lang='lat' dir='ltr'>V,</span> <span class='ocrx_word' id='word_1_194' title='bbox 465 2575 532 2614; x_wconf 77' lang='lat'>92.</span> <span class='ocrx_word' id='word_1_195' title='bbox 578 2572 725 2610; x_wconf 87' lang='lat' dir='ltr'>Pindar.</span> 
     </span>
     <span class='ocr_line' id='line_1_35' title="bbox 80 2622 727 2679; baseline 0.008 -18"><span class='ocrx_word' id='word_1_196' title='bbox 80 2622 186 2672; x_wconf 80' lang='lat' dir='ltr'>Pyth.</span> <span class='ocrx_word' id='word_1_197' title='bbox 217 2624 290 2674; x_wconf 89' lang='lat'>111,</span> <span class='ocrx_word' id='word_1_198' title='bbox 326 2630 405 2669; x_wconf 88' lang='grc'>108</span> <span class='ocrx_word' id='word_1_199' title='bbox 439 2628 518 2666; x_wconf 89' lang='lat' dir='ltr'>coll.</span> <span class='ocrx_word' id='word_1_200' title='bbox 555 2628 727 2679; x_wconf 90' lang='lat' dir='ltr'>Sophocl.</span> 
     </span>
     <span class='ocr_line' id='line_1_36' title="bbox 81 2679 725 2746; baseline 0.014 -30"><span class='ocrx_word' id='word_1_201' title='bbox 81 2679 215 2746; x_wconf 82' lang='lat' dir='ltr'>Oedip.</span> <span class='ocrx_word' id='word_1_202' title='bbox 233 2681 312 2720; x_wconf 86' lang='lat' dir='ltr'>col.</span> <span class='ocrx_word' id='word_1_203' title='bbox 339 2683 429 2725; x_wconf 84' lang='lat'><strong>144.</strong></span> <span class='ocrx_word' id='word_1_204' title='bbox 457 2683 513 2722; x_wconf 86' lang='lat' dir='ltr'>Ai.</span> <span class='ocrx_word' id='word_1_205' title='bbox 537 2687 725 2726; x_wconf 82' lang='lat'>1004.—</span> 
     </span>
     <span class='ocr_line' id='line_1_37' title="bbox 82 2732 724 2793; baseline 0.011 -20"><span class='ocrx_word' id='word_1_206' title='bbox 82 2732 123 2782; x_wconf 76' lang='grc' dir='ltr'>ἐξ</span> <span class='ocrx_word' id='word_1_207' title='bbox 143 2737 273 2776; x_wconf 62' lang='lat' dir='ltr'>amah</span> <span class='ocrx_word' id='word_1_208' title='bbox 306 2738 479 2778; x_wconf 86' lang='lat' dir='ltr'>Reiskius</span> <span class='ocrx_word' id='word_1_209' title='bbox 507 2741 724 2793; x_wconf 84' lang='lat' dir='ltr'>interpreta-</span> 
     </span>
     <span class='ocr_line' id='line_1_38' title="bbox 81 2793 722 2848; baseline 0.016 -22"><span class='ocrx_word' id='word_1_210' title='bbox 81 2793 158 2828; x_wconf 81' lang='lat' dir='ltr'>tur:</span> <span class='ocrx_word' id='word_1_211' title='bbox 181 2797 261 2841; x_wconf 84' lang='lat' dir='ltr'>post</span> <span class='ocrx_word' id='word_1_212' title='bbox 279 2806 322 2831; x_wconf 80' lang='lat' dir='ltr'>ea</span> <span class='ocrx_word' id='word_1_213' title='bbox 340 2795 472 2846; x_wconf 87' lang='lat' dir='ltr'>(opera</span> <span class='ocrx_word' id='word_1_214' title='bbox 489 2797 564 2835; x_wconf 82' lang='lat' dir='ltr'>scil.</span> <span class='ocrx_word' id='word_1_215' title='bbox 584 2811 678 2848; x_wconf 89' lang='lat' dir='ltr'>quae</span> <span class='ocrx_word' id='word_1_216' title='bbox 693 2798 722 2847; x_wconf 91' lang='lat' dir='ltr'>I,</span> 
     </span>
     <span class='ocr_line' id='line_1_39' title="bbox 84 2846 724 2904; baseline 0.008 -18"><span class='ocrx_word' id='word_1_217' title='bbox 84 2846 165 2888; x_wconf 88' lang='lat'>185</span> <span class='ocrx_word' id='word_1_218' title='bbox 185 2848 371 2899; x_wconf 80' lang='lat' dir='ltr'>retulerat)</span> <span class='ocrx_word' id='word_1_219' title='bbox 397 2852 568 2902; x_wconf 77' lang='lat' dir='ltr'>perfecta.</span> <span class='ocrx_word' id='word_1_220' title='bbox 608 2853 724 2904; x_wconf 90' lang='lat' dir='ltr'>Equi—</span> 
     </span>
     <span class='ocr_line' id='line_1_40' title="bbox 83 2901 724 2963; baseline 0.017 -25"><span class='ocrx_word' id='word_1_221' title='bbox 83 2901 167 2940; x_wconf 87' lang='lat' dir='ltr'>dem</span> <span class='ocrx_word' id='word_1_222' title='bbox 186 2903 324 2944; x_wconf 80' lang='lat' dir='ltr'>malim:</span> <span class='ocrx_word' id='word_1_223' title='bbox 342 2909 463 2946; x_wconf 78' lang='lat' dir='ltr'>statim</span> <span class='ocrx_word' id='word_1_224' title='bbox 475 2913 555 2960; x_wconf 80' lang='lat' dir='ltr'>post</span> <span class='ocrx_word' id='word_1_225' title='bbox 568 2909 634 2948; x_wconf 80' lang='lat' dir='ltr'>illa</span> <span class='ocrx_word' id='word_1_226' title='bbox 639 2923 724 2963; x_wconf 80' lang='lat' dir='ltr'>per-</span> 
     </span>
    </p>
   </div>
   <div class='ocr_carea' id='block_1_9' title="bbox 785 1440 1463 2951">
    <p class='ocr_par' dir='ltr' id='par_1_9' title="bbox 796 1440 1463 1549">
     <span class='ocr_line' id='line_1_41' title="bbox 796 1440 1463 1495; baseline 0.001 -14"><span class='ocrx_word' id='word_1_227' title='bbox 796 1442 911 1494; x_wconf 87' lang='lat' dir='ltr'>fecta.</span> <span class='ocrx_word' id='word_1_228' title='bbox 929 1442 1040 1481; x_wconf 86' lang='lat' dir='ltr'>conf.</span> <span class='ocrx_word' id='word_1_229' title='bbox 1062 1443 1110 1482; x_wconf 93' lang='lat' dir='ltr'>de</span> <span class='ocrx_word' id='word_1_230' title='bbox 1127 1442 1402 1495; x_wconf 80' lang='lat' dir='ltr'>praepositione</span> <span class='ocrx_word' id='word_1_231' title='bbox 1418 1440 1463 1484; x_wconf 83' lang='grc' dir='ltr'>ἔκ</span> 
     </span>
     <span class='ocr_line' id='line_1_42' title="bbox 802 1500 937 1549; baseline 0 -12"><span class='ocrx_word' id='word_1_232' title='bbox 802 1500 840 1549; x_wconf 85' lang='lat'>1,</span> <span class='ocrx_word' id='word_1_233' title='bbox 871 1503 937 1542; x_wconf 86' lang='lat'>86.</span> 
     </span>
    </p>

    <p class='ocr_par' dir='ltr' id='par_1_10' title="bbox 796 1553 1461 2169">
     <span class='ocr_line' id='line_1_43' title="bbox 862 1553 1461 1609; baseline -0.003 -14"><span class='ocrx_word' id='word_1_234' title='bbox 862 1553 1036 1609; x_wconf 76' lang='grc' dir='ltr'><strong><em>ὤρυσσε]</em></strong></span> <span class='ocrx_word' id='word_1_235' title='bbox 1076 1555 1135 1594; x_wconf 91' lang='lat' dir='ltr'>De</span> <span class='ocrx_word' id='word_1_236' title='bbox 1168 1556 1369 1607; x_wconf 87' lang='lat' dir='ltr'>imperfecti</span> <span class='ocrx_word' id='word_1_237' title='bbox 1393 1569 1461 1593; x_wconf 84' lang='lat' dir='ltr'>usu</span> 
     </span>
     <span class='ocr_line' id='line_1_44' title="bbox 803 1611 1459 1664; baseline 0 -14"><span class='ocrx_word' id='word_1_238' title='bbox 803 1625 873 1663; x_wconf 89' lang='lat' dir='ltr'>pro</span> <span class='ocrx_word' id='word_1_239' title='bbox 894 1613 1031 1650; x_wconf 85' lang='lat' dir='ltr'>aoristo</span> <span class='ocrx_word' id='word_1_240' title='bbox 1054 1614 1149 1650; x_wconf 88' lang='lat' dir='ltr'>conf.</span> <span class='ocrx_word' id='word_1_241' title='bbox 1168 1612 1299 1650; x_wconf 84' lang='lat' dir='ltr'>Matth.</span> <span class='ocrx_word' id='word_1_242' title='bbox 1319 1611 1356 1664; x_wconf 62' lang='grc' dir='ltr'>ἓ.</span> <span class='ocrx_word' id='word_1_243' title='bbox 1376 1613 1459 1654; x_wconf 86' lang='grc'>503</span> 
     </span>
     <span class='ocr_line' id='line_1_45' title="bbox 802 1668 1459 1720; baseline 0.002 -15"><span class='ocrx_word' id='word_1_244' title='bbox 802 1669 880 1706; x_wconf 89' lang='lat' dir='ltr'>init.</span> <span class='ocrx_word' id='word_1_245' title='bbox 898 1682 984 1719; x_wconf 84' lang='lat' dir='ltr'>pag.</span> <span class='ocrx_word' id='word_1_246' title='bbox 1005 1668 1099 1709; x_wconf 86' lang='lat'><strong>958.</strong></span> <span class='ocrx_word' id='word_1_247' title='bbox 1121 1668 1234 1706; x_wconf 84' lang='lat' dir='ltr'>Paulo</span> <span class='ocrx_word' id='word_1_248' title='bbox 1253 1674 1339 1720; x_wconf 86' lang='lat' dir='ltr'>post</span> <span class='ocrx_word' id='word_1_249' title='bbox 1356 1669 1459 1720; x_wconf 86' lang='lat' dir='ltr'>plus-</span> 
     </span>
     <span class='ocr_line' id='line_1_46' title="bbox 802 1720 1460 1777; baseline 0 -15"><span class='ocrx_word' id='word_1_250' title='bbox 802 1727 1075 1776; x_wconf 85' lang='lat' dir='ltr'>quamperfecto</span> <span class='ocrx_word' id='word_1_251' title='bbox 1104 1720 1350 1777; x_wconf 77' lang='grc' dir='ltr'><strong><em>(ὀρώρυκτο)</em></strong></span> <span class='ocrx_word' id='word_1_252' title='bbox 1377 1725 1460 1763; x_wconf 92' lang='grc' dir='ltr'>Νο-</span> 
     </span>
     <span class='ocr_line' id='line_1_47' title="bbox 802 1782 1455 1829; baseline 0.003 -11"><span class='ocrx_word' id='word_1_253' title='bbox 802 1785 878 1819; x_wconf 84' lang='lat' dir='ltr'>ster</span> <span class='ocrx_word' id='word_1_254' title='bbox 916 1795 1005 1818; x_wconf 89' lang='lat' dir='ltr'>usus</span> <span class='ocrx_word' id='word_1_255' title='bbox 1044 1785 1124 1829; x_wconf 87' lang='lat' dir='ltr'>est,</span> <span class='ocrx_word' id='word_1_256' title='bbox 1166 1795 1246 1819; x_wconf 83' lang='lat' dir='ltr'>cum</span> <span class='ocrx_word' id='word_1_257' title='bbox 1281 1782 1455 1820; x_wconf 86' lang='lat' dir='ltr'>continuo</span> 
     </span>
     <span class='ocr_line' id='line_1_48' title="bbox 802 1833 1453 1889; baseline 0.005 -15"><span class='ocrx_word' id='word_1_258' title='bbox 802 1842 977 1887; x_wconf 83' lang='lat' dir='ltr'>sequatur</span> <span class='ocrx_word' id='word_1_259' title='bbox 992 1833 1144 1887; x_wconf 71' lang='grc' dir='ltr'><strong><em>ὤρυσσε</em></strong></span> <span class='ocrx_word' id='word_1_260' title='bbox 1157 1868 1167 1885; x_wconf 89' lang='grc'><strong>,</strong></span> <span class='ocrx_word' id='word_1_261' title='bbox 1188 1838 1453 1889; x_wconf 77' lang='lat' dir='ltr'>imperfectum.</span> 
     </span>
     <span class='ocr_line' id='line_1_49' title="bbox 802 1890 1455 1946; baseline 0.002 -14"><span class='ocrx_word' id='word_1_262' title='bbox 802 1893 862 1932; x_wconf 89' lang='lat' dir='ltr'>De</span> <span class='ocrx_word' id='word_1_263' title='bbox 880 1896 997 1932; x_wconf 84' lang='lat' dir='ltr'>forma</span> <span class='ocrx_word' id='word_1_264' title='bbox 1021 1890 1222 1946; x_wconf 78' lang='grc' dir='ltr'><strong><em>ὀρώρυκτο</em></strong></span> <span class='ocrx_word' id='word_1_265' title='bbox 1241 1895 1338 1933; x_wconf 87' lang='lat' dir='ltr'>idem</span> <span class='ocrx_word' id='word_1_266' title='bbox 1354 1895 1455 1933; x_wconf 85' lang='lat' dir='ltr'>Mat-</span> 
     </span>
     <span class='ocr_line' id='line_1_50' title="bbox 800 1950 1455 2001; baseline 0.005 -14"><span class='ocrx_word' id='word_1_267' title='bbox 800 1951 897 1988; x_wconf 82' lang='lat' dir='ltr'>thiae</span> <span class='ocrx_word' id='word_1_268' title='bbox 940 1963 1026 2001; x_wconf 85' lang='lat' dir='ltr'>pag.</span> <span class='ocrx_word' id='word_1_269' title='bbox 1066 1953 1160 1992; x_wconf 87' lang='lat'><strong>307.</strong></span> <span class='ocrx_word' id='word_1_270' title='bbox 1221 1950 1285 1989; x_wconf 81' lang='lat' dir='ltr'>Cr.</span> <span class='ocrx_word' id='word_1_271' title='bbox 1313 1953 1455 1990; x_wconf 84' lang='lat' dir='ltr'>confert</span> 
     </span>
     <span class='ocr_line' id='line_1_51' title="bbox 801 2007 1451 2058; baseline 0.003 -15"><span class='ocrx_word' id='word_1_272' title='bbox 801 2007 960 2056; x_wconf 83' lang='lat' dir='ltr'>Gregor.</span> <span class='ocrx_word' id='word_1_273' title='bbox 996 2007 1164 2047; x_wconf 88' lang='lat' dir='ltr'>Corinth.</span> <span class='ocrx_word' id='word_1_274' title='bbox 1200 2021 1238 2058; x_wconf 84' lang='lat' dir='ltr'>p.</span> <span class='ocrx_word' id='word_1_275' title='bbox 1273 2007 1356 2049; x_wconf 82' lang='grc'>407</span> <span class='ocrx_word' id='word_1_276' title='bbox 1391 2009 1451 2046; x_wconf 85' lang='lat' dir='ltr'>ed.</span> 
     </span>
     <span class='ocr_line' id='line_1_52' title="bbox 798 2062 1452 2116; baseline 0.006 -16"><span class='ocrx_word' id='word_1_277' title='bbox 798 2063 984 2101; x_wconf 80' lang='lat' dir='ltr'>Schaeser.</span> <span class='ocrx_word' id='word_1_278' title='bbox 1011 2084 1068 2091; x_wconf 92' lang='lat'>-—</span> <span class='ocrx_word' id='word_1_279' title='bbox 1083 2062 1145 2101; x_wconf 87' lang='lat' dir='ltr'>Ad</span> <span class='ocrx_word' id='word_1_280' title='bbox 1170 2062 1328 2116; x_wconf 79' lang='grc' dir='ltr'><strong><em>ἑτοῖμος</em></strong></span> <span class='ocrx_word' id='word_1_281' title='bbox 1355 2066 1452 2104; x_wconf 87' lang='lat' dir='ltr'>conf.</span> 
     </span>
     <span class='ocr_line' id='line_1_53' title="bbox 796 2119 931 2169; baseline 0 -11"><span class='ocrx_word' id='word_1_282' title='bbox 796 2119 836 2169; x_wconf 91' lang='lat' dir='ltr'>I,</span> <span class='ocrx_word' id='word_1_283' title='bbox 867 2122 931 2161; x_wconf 88' lang='lat'>10.</span> 
     </span>
    </p>

    <p class='ocr_par' dir='ltr' id='par_1_11' title="bbox 785 2171 1455 2951">
     <span class='ocr_line' id='line_1_54' title="bbox 856 2171 1455 2228; baseline 0.003 -12"><span class='ocrx_word' id='word_1_284' title='bbox 856 2172 1113 2228; x_wconf 81' lang='grc' dir='ltr'><strong><em>μνημόσυνον</em></strong></span> <span class='ocrx_word' id='word_1_285' title='bbox 1140 2171 1228 2217; x_wconf 85' lang='grc' dir='ltr'><strong><em>τόδε</em></strong></span> <span class='ocrx_word' id='word_1_286' title='bbox 1248 2173 1343 2217; x_wconf 70' lang='grc' dir='ltr'><strong><em>ἄλλο</em></strong></span> <span class='ocrx_word' id='word_1_287' title='bbox 1375 2171 1455 2218; x_wconf 63' lang='lat' dir='ltr'>ulmi</span> 
     </span>
     <span class='ocr_line' id='line_1_55' title="bbox 800 2231 1454 2287; baseline 0.002 -16"><span class='ocrx_word' id='word_1_288' title='bbox 800 2235 874 2272; x_wconf 83' lang='grc' dir='ltr'><strong><em>τοῦ</em></strong></span> <span class='ocrx_word' id='word_1_289' title='bbox 892 2231 1019 2273; x_wconf 76' lang='grc' dir='ltr'><strong><em>αὐτοῦ</em></strong></span> <span class='ocrx_word' id='word_1_290' title='bbox 1040 2232 1155 2287; x_wconf 73' lang='grc' dir='ltr'><strong><em>ἔργον</em></strong></span> <span class='ocrx_word' id='word_1_291' title='bbox 1180 2232 1350 2285; x_wconf 80' lang='grc' dir='ltr'><strong><em>ἐλίπετο]</em></strong></span> <span class='ocrx_word' id='word_1_292' title='bbox 1381 2235 1454 2272; x_wconf 86' lang='lat' dir='ltr'>Vix</span> 
     </span>
     <span class='ocr_line' id='line_1_56' title="bbox 800 2285 1452 2342; baseline 0.005 -15"><span class='ocrx_word' id='word_1_293' title='bbox 800 2289 921 2328; x_wconf 89' lang='lat' dir='ltr'>licebit</span> <span class='ocrx_word' id='word_1_294' title='bbox 965 2285 1044 2330; x_wconf 80' lang='grc' dir='ltr'>οἷπό</span> <span class='ocrx_word' id='word_1_295' title='bbox 1073 2292 1148 2330; x_wconf 75' lang='grc' dir='ltr'><strong><em>τοῦ</em></strong></span> <span class='ocrx_word' id='word_1_296' title='bbox 1177 2286 1306 2330; x_wconf 71' lang='grc' dir='ltr'><strong><em>αὐτοῦ</em></strong></span> <span class='ocrx_word' id='word_1_297' title='bbox 1334 2290 1452 2342; x_wconf 75' lang='grc' dir='ltr'><strong><em>ἔργον</em></strong></span> 
     </span>
     <span class='ocr_line' id='line_1_57' title="bbox 795 2347 1454 2398; baseline 0.003 -15"><span class='ocrx_word' id='word_1_298' title='bbox 795 2360 864 2398; x_wconf 91' lang='lat' dir='ltr'>pro</span> <span class='ocrx_word' id='word_1_299' title='bbox 909 2347 1061 2398; x_wconf 89' lang='lat' dir='ltr'>simplici</span> <span class='ocrx_word' id='word_1_300' title='bbox 1095 2347 1256 2396; x_wconf 86' lang='lat' dir='ltr'>genitivo</span> <span class='ocrx_word' id='word_1_301' title='bbox 1292 2349 1454 2398; x_wconf 89' lang='lat' dir='ltr'>positum</span> 
     </span>
     <span class='ocr_line' id='line_1_58' title="bbox 795 2403 1452 2454; baseline 0.002 -13"><span class='ocrx_word' id='word_1_302' title='bbox 795 2403 994 2454; x_wconf 85' lang='lat' dir='ltr'>explicare:</span> <span class='ocrx_word' id='word_1_303' title='bbox 1024 2404 1174 2441; x_wconf 71' lang='lat' dir='ltr'>eiusdem</span> <span class='ocrx_word' id='word_1_304' title='bbox 1198 2406 1309 2454; x_wconf 77' lang='lat' dir='ltr'>operis</span> <span class='ocrx_word' id='word_1_305' title='bbox 1329 2417 1452 2442; x_wconf 85' lang='lat' dir='ltr'>monu-</span> 
     </span>
     <span class='ocr_line' id='line_1_59' title="bbox 794 2459 1451 2512; baseline 0.003 -16"><span class='ocrx_word' id='word_1_306' title='bbox 794 2463 956 2497; x_wconf 80' lang='lat' dir='ltr'>mentum.</span> <span class='ocrx_word' id='word_1_307' title='bbox 1014 2460 1160 2508; x_wconf 72' lang='lat' dir='ltr'>Mulim,</span> <span class='ocrx_word' id='word_1_308' title='bbox 1191 2461 1240 2497; x_wconf 88' lang='lat' dir='ltr'>ad</span> <span class='ocrx_word' id='word_1_309' title='bbox 1262 2459 1451 2512; x_wconf 82' lang='lat' dir='ltr'>propriam</span> 
     </span>
     <span class='ocr_line' id='line_1_60' title="bbox 794 2517 1448 2568; baseline 0.002 -15"><span class='ocrx_word' id='word_1_310' title='bbox 794 2529 837 2554; x_wconf 90' lang='lat' dir='ltr'>ac</span> <span class='ocrx_word' id='word_1_311' title='bbox 858 2517 1017 2554; x_wconf 87' lang='lat' dir='ltr'>nativam</span> <span class='ocrx_word' id='word_1_312' title='bbox 1034 2517 1140 2554; x_wconf 90' lang='lat' dir='ltr'>huius</span> <span class='ocrx_word' id='word_1_313' title='bbox 1165 2517 1448 2568; x_wconf 85' lang='lat' dir='ltr'>praepositionis</span> 
     </span>
     <span class='ocr_line' id='line_1_61' title="bbox 792 2573 1453 2625; baseline 0.002 -15"><span class='ocrx_word' id='word_1_314' title='bbox 792 2573 863 2610; x_wconf 86' lang='lat' dir='ltr'>vim</span> <span class='ocrx_word' id='word_1_315' title='bbox 885 2573 1101 2624; x_wconf 85' lang='lat' dir='ltr'>respiciens:</span> <span class='ocrx_word' id='word_1_316' title='bbox 1137 2586 1181 2610; x_wconf 79' lang='lat' dir='ltr'>ex</span> <span class='ocrx_word' id='word_1_317' title='bbox 1210 2573 1323 2611; x_wconf 77' lang='lat' dir='ltr'><em>simili</em></span> <span class='ocrx_word' id='word_1_318' title='bbox 1349 2587 1453 2625; x_wconf 83' lang='lat' dir='ltr'>opera</span> 
     </span>
     <span class='ocr_line' id='line_1_62' title="bbox 785 2629 1447 2680; baseline 0.003 -14"><span class='ocrx_word' id='word_1_319' title='bbox 785 2629 987 2680; x_wconf 82' lang='lat' dir='ltr'>profectum</span> <span class='ocrx_word' id='word_1_320' title='bbox 1001 2659 1012 2678; x_wconf 93' lang='lat'><strong>,</strong></span> <span class='ocrx_word' id='word_1_321' title='bbox 1040 2629 1228 2679; x_wconf 85' lang='lat' dir='ltr'>effectum;</span> <span class='ocrx_word' id='word_1_322' title='bbox 1258 2631 1359 2680; x_wconf 90' lang='lat' dir='ltr'>quod</span> <span class='ocrx_word' id='word_1_323' title='bbox 1375 2631 1447 2668; x_wconf 86' lang='lat' dir='ltr'>sei-</span> 
     </span>
     <span class='ocr_line' id='line_1_63' title="bbox 791 2685 1446 2738; baseline 0.002 -15"><span class='ocrx_word' id='word_1_324' title='bbox 791 2685 875 2724; x_wconf 90' lang='lat' dir='ltr'>licet</span> <span class='ocrx_word' id='word_1_325' title='bbox 896 2686 1000 2723; x_wconf 87' lang='lat' dir='ltr'>simili</span> <span class='ocrx_word' id='word_1_326' title='bbox 1019 2687 1133 2738; x_wconf 73' lang='lat' dir='ltr'>opera</span> <span class='ocrx_word' id='word_1_327' title='bbox 1151 2687 1356 2725; x_wconf 87' lang='lat' dir='ltr'>consectum</span> <span class='ocrx_word' id='word_1_328' title='bbox 1376 2690 1446 2735; x_wconf 89' lang='lat' dir='ltr'>est,</span> 
     </span>
     <span class='ocr_line' id='line_1_64' title="bbox 791 2742 1445 2793; baseline 0.003 -14"><span class='ocrx_word' id='word_1_329' title='bbox 791 2747 904 2793; x_wconf 89' lang='lat' dir='ltr'>atque</span> <span class='ocrx_word' id='word_1_330' title='bbox 932 2742 1042 2792; x_wconf 89' lang='lat' dir='ltr'>illud,</span> <span class='ocrx_word' id='word_1_331' title='bbox 1072 2744 1172 2793; x_wconf 90' lang='lat' dir='ltr'>quod</span> <span class='ocrx_word' id='word_1_332' title='bbox 1203 2743 1297 2781; x_wconf 87' lang='lat' dir='ltr'>circa</span> <span class='ocrx_word' id='word_1_333' title='bbox 1323 2743 1445 2781; x_wconf 88' lang='lat' dir='ltr'>lacum</span> 
     </span>
     <span class='ocr_line' id='line_1_65' title="bbox 789 2799 1444 2837; baseline 0.002 -2"><span class='ocrx_word' id='word_1_334' title='bbox 789 2799 899 2836; x_wconf 88' lang='lat' dir='ltr'>istum</span> <span class='ocrx_word' id='word_1_335' title='bbox 918 2804 1135 2837; x_wconf 86' lang='lat' dir='ltr'>exstructum</span> <span class='ocrx_word' id='word_1_336' title='bbox 1151 2803 1229 2837; x_wconf 84' lang='lat' dir='ltr'>erat</span> <span class='ocrx_word' id='word_1_337' title='bbox 1250 2799 1296 2836; x_wconf 86' lang='lat' dir='ltr'>ab</span> <span class='ocrx_word' id='word_1_338' title='bbox 1315 2800 1444 2837; x_wconf 86' lang='lat' dir='ltr'>eadem</span> 
     </span>
     <span class='ocr_line' id='line_1_66' title="bbox 788 2856 1443 2909; baseline 0.003 -18"><span class='ocrx_word' id='word_1_339' title='bbox 788 2856 930 2904; x_wconf 84' lang='lat' dir='ltr'>regina,</span> <span class='ocrx_word' id='word_1_340' title='bbox 951 2861 992 2893; x_wconf 91' lang='lat' dir='ltr'>ut</span> <span class='ocrx_word' id='word_1_341' title='bbox 1009 2869 1088 2909; x_wconf 86' lang='lat' dir='ltr'>cap.</span> <span class='ocrx_word' id='word_1_342' title='bbox 1097 2856 1327 2895; x_wconf 82' lang='lat' dir='ltr'>antecedenti</span> <span class='ocrx_word' id='word_1_343' title='bbox 1337 2867 1443 2893; x_wconf 85' lang='lat' dir='ltr'>enar-</span> 
     </span>
     <span class='ocr_line' id='line_1_67' title="bbox 789 2915 944 2951; baseline 0.006 -3"><span class='ocrx_word' id='word_1_344' title='bbox 789 2915 944 2951; x_wconf 80' lang='lat' dir='ltr'>raverat.</span> 
     </span>
    </p>
   </div>
   <div class='ocr_carea' id='block_1_10' title="bbox 1469 366 1754 538">
    <p class='ocr_par' dir='ltr' id='par_1_12' title="bbox 1469 366 1754 538">
     <span class='ocr_line' id='line_1_68' title="bbox 1475 366 1754 407; baseline 0.014 -12"><span class='ocrx_word' id='word_1_345' title='bbox 1475 366 1620 407; x_wconf 63' lang='lat' dir='ltr'>Fluminis</span> <span class='ocrx_word' id='word_1_346' title='bbox 1668 369 1754 399; x_wconf 76' lang='lat' dir='ltr'>labra</span> 
     </span>
     <span class='ocr_line' id='line_1_69' title="bbox 1475 404 1753 439; baseline 0.014 -11"><span class='ocrx_word' id='word_1_347' title='bbox 1475 405 1556 428; x_wconf 72' lang='lat' dir='ltr'>nitra</span> <span class='ocrx_word' id='word_1_348' title='bbox 1565 404 1670 431; x_wconf 80' lang='lat' dir='ltr'>urbem</span> <span class='ocrx_word' id='word_1_349' title='bbox 1682 412 1753 439; x_wconf 81' lang='lat' dir='ltr'>ope-</span> 
     </span>
     <span class='ocr_line' id='line_1_70' title="bbox 1470 435 1753 465; baseline 0.011 -3"><span class='ocrx_word' id='word_1_350' title='bbox 1470 442 1504 462; x_wconf 74' lang='lat' dir='ltr'>ro</span> <span class='ocrx_word' id='word_1_351' title='bbox 1532 435 1664 464; x_wconf 62' lang='lat' dir='ltr'>latentia</span> <span class='ocrx_word' id='word_1_352' title='bbox 1690 446 1753 465; x_wconf 85' lang='lat' dir='ltr'>mu—</span> 
     </span>
     <span class='ocr_line' id='line_1_71' title="bbox 1469 468 1752 530; baseline 0.018 -35"><span class='ocrx_word' id='word_1_353' title='bbox 1469 468 1517 530; x_wconf 55' lang='lat' dir='ltr'>nitt</span> <span class='ocrx_word' id='word_1_354' title='bbox 1531 472 1563 497; x_wconf 76' lang='lat' dir='ltr'>et</span> <span class='ocrx_word' id='word_1_355' title='bbox 1580 474 1671 505; x_wconf 78' lang='lat' dir='ltr'>ponte</span> <span class='ocrx_word' id='word_1_356' title='bbox 1685 470 1752 500; x_wconf 81' lang='lat' dir='ltr'>iun-</span> 
     </span>
     <span class='ocr_line' id='line_1_72' title="bbox 1471 509 1527 538; baseline 0 0"><span class='ocrx_word' id='word_1_357' title='bbox 1471 509 1503 538; x_wconf 71' lang='grc' dir='ltr'>ΕῙ</span> <span class='ocrx_word' id='word_1_358' title='bbox 1518 522 1527 532; x_wconf 86' lang='lat'><strong>·</strong></span> 
     </span>
    </p>
   </div>
  </div>
 </body>
</html>
