1759 3324
345 264 429 304 53⁰

740 259 1207 299 HERODOTI

346 370 611 428 μισγομένου
649 373 815 413 πολλοῦ
864 368 1055 421 αὐτοῖσι,
1115 369 1188 413 ἅτε
1225 368 1411 425 ὑομένης
1447 384 1492 413 τε
1530 372 1606 425 τῆς

347 449 489 507 χώρης
516 451 587 494 καὶ
615 448 1023 506 κεχαραδρωμένης,
1055 449 1203 503 ῥέουσι
1225 449 1423 505 μεγάλοι·
1454 452 1535 492 τοῦ
1559 448 1605 491 δὲ

346 530 520 584 θέρεος,
566 533 655 572 τῶν
684 544 728 571 τε
759 528 936 583 ὄμβρων
966 527 1273 572 ἐπιλειπόντων
1314 526 1495 578 αὐτοὺς,
1534 527 1662 570 καὶ95

320 605 437 651 615πὸ
466 612 547 650 τοῦ
576 605 702 663 ἡλίου
732 605 973 661 ἑλκόμενοι,
1009 604 1210 658 ἀσθενέες
1240 609 1330 649 εἰσί.
1371 605 1394 648 ὁ
1427 608 1471 650 δὲ
1501 609 1603 649 Νεῖ-

349 690 425 737 λος
454 685 537 728 ἐών
568 684 812 740 ἄνομβρος,
864 683 1093 739 ἑλκόμενος
1132 686 1176 728 δὲ
1214 685 1301 728 ὑπὸ
1343 690 1421 727 τοῦ
1459 683 1604 740 ἡλίου,

349 767 513 820 μοῦνος
541 766 746 818 ποταμῶν
774 765 932 804 τοῦτον
961 761 1038 804 τὸν
1071 763 1232 817 χρόνον
1263 762 1442 813 οἰκότως
1472 762 1605 814 αὐτὸς

348 842 516 886 ἑωυτοῦ
545 841 630 896 ῥέει
659 845 805 898 πολλῷ
834 840 1141 894 ὑποδεέστερος
1164 840 1191 896 ἢ
1212 845 1289 883 τοῦ
1311 842 1480 895 θέρεος·
1511 842 1607 884 τότε

349 921 428 976 μὲν
465 920 547 976 γὰρ
587 919 691 975 μετὰ
727 918 905 962 πάντων
942 923 1032 962 τῶν
1068 919 1243 962 ὑδάτων
1284 921 1384 962 ἰ’σον
1426 919 1605 970 ἕλκεται,

348 998 427 1043 τὸν
457 1000 502 1042 δὲ
531 1003 739 1056 χειμῶνα,
780 1002 944 1055 μοῦνος
975 998 1174 1051 πιέζεται.
1229 998 1345 1041 οὕτω
1375 997 1453 1042 τὸν
1482 998 1607 1054 ἥλιον

223 1083 289 1129 26
345 1078 556 1135 νενόμικα
592 1077 760 1121 τούτων
810 1079 950 1121 αἴτιον
998 1076 1118 1121 εἶναι.

1186 1079 1334 1128 Αἴτιος
1381 1078 1426 1120 δὲ
1464 1075 1602 1128 ὦυτός
1614 1083 1632 1117 1

353 1153 501 1211 οὗτος,
532 1157 641 1202 κατὰ
669 1156 847 1214 γνώμην
875 1156 953 1213 τὴν
984 1156 1112 1213 ἐμήν,
1143 1158 1215 1201 καὶ
1243 1156 1321 1200 τὸν
1350 1155 1455 1213 ἠέρα
1475 1157 1608 1213 ξηρὸν

291 1348 401 1383 mem,
420 1335 482 1371 ubi
496 1331 668 1371 remotior
683 1344 704 1368 a
716 1330 860 1381 reliquis
872 1335 946 1369 ter-

292 1392 342 1430 ris
368 1395 610 1428 commoratur
638 1389 674 1425 in
701 1389 945 1437 superioribus

292 1448 499 1497 regionibus
526 1447 567 1493 (i.
587 1460 618 1484 e.
639 1445 755 1493 magis
777 1444 944 1481 australi-

292 1505 395 1552 bus),
426 1517 446 1541 e
463 1503 579 1540 fluviis
597 1501 814 1550 reliquarum
832 1506 945 1538 terra-

294 1573 374 1598 rum
397 1559 446 1596 nil
473 1572 589 1609 aquae
615 1556 795 1594 attrahere
822 1561 945 1607 potest

293 1629 409 1666 usque
429 1616 477 1652 ad
503 1614 651 1653 aestatis
678 1618 841 1663 tempus,
871 1626 943 1662 quo

295 1685 339 1711 ex
369 1672 435 1709 illis
465 1672 553 1709 locis
586 1670 828 1720 superioribus
868 1669 945 1716 (ad

294 1741 390 1779 quae
417 1729 554 1778 frigore
579 1725 743 1777 repulsus
777 1726 878 1774 erat)
908 1726 945 1762 in

292 1785 452 1822 medium
471 1784 609 1822 coelum
637 1783 732 1819 redit
757 1795 798 1819 ac
817 1782 946 1818 fluvio-

291 1854 370 1879 rum
393 1853 546 1889 aquam,
575 1839 672 1876 cuius
692 1843 833 1888 partem
850 1851 946 1875 nunc

293 1898 343 1935 ad
365 1910 404 1934 se
423 1897 544 1944 trahit,
569 1895 823 1932 imminuit.—-
836 1889 944 1944 χώρη

292 1950 620 2004 κεχαραδρωμένη
639 1963 660 1987 a
671 1950 870 1998 Schweigh.
883 1962 946 1986 ex-

292 2009 441 2060 ponitur
455 2011 551 2057 regio
572 2005 778 2044 torrentibus
793 2018 945 2042 excava-

293 2068 346 2112 ta,
368 2069 408 2101 ut
424 2064 504 2111 VII,
526 2066 614 2104 176.

348 2122 428 2158 τῶν
440 2135 479 2158 τε
488 2117 646 2170 ὄμβρων
665 2111 944 2157 ἐπιλειπόντων

293 2171 464 2226 αὐτούς]
487 2176 509 2212 ἱ.
531 2189 561 2213 e.
587 2173 722 2224 quando
735 2173 879 2224 pluviae
891 2186 944 2210 eos

294 2232 441 2279 (fluvios
455 2232 547 2280 scil.)
565 2231 742 2280 deficiunt,
757 2244 784 2266 s.
798 2233 942 2266 cessant.

294 2289 402 2325 Conf.
416 2288 465 2325 W
467 2289 570 2326 erfer.
583 2288 620 2323 in
633 2286 725 2322 Actt.
745 2285 843 2336 phili.
859 2285 943 2322 Μο-

293 2357 391 2382 nacc.
410 2344 438 2391 1,
461 2346 481 2384 1
504 2356 540 2393 p.
562 2346 626 2385 86.
653 2342 694 2378 In
716 2354 817 2390 seqq.
841 2342 942 2378 obli-

292 2401 438 2438 brorum
450 2399 634 2437 meliorum
651 2410 865 2435 consensum
885 2411 943 2436 re-

292 2456 380 2506 liqui
397 2451 571 2503 οἰκότως,
592 2467 670 2492 cum
682 2454 827 2490 minima
839 2454 875 2490 in
887 2454 940 2491 his

293 2513 419 2551 formis
444 2516 612 2550 constans
632 2511 676 2547 sit
688 2510 857 2547 historiae
877 2523 943 2560 pa-

292 2573 359 2607 ter.
389 2568 486 2605 Infra
501 2568 548 2615 II,
567 2570 621 2609 27
642 2562 748 2612 οἶκός
767 2571 883 2603 exstat
895 2567 943 2602 si-

295 2638 343 2663 ne
366 2623 437 2661 ulla
456 2623 617 2662 lectionis
644 2623 827 2659 varietate.
884 2622 942 2659 Ad

295 2681 423 2719 verba:
455 2675 571 2726 αὐτός
594 2678 743 2717 ἑωυτοῦ
763 2700 817 2705 -
846 2675 943 2716 ὕπο-

297 2735 495 2788 δεέστερος
522 2736 616 2774 conf.
637 2733 766 2772 Matth.
788 2734 853 2771 Gr.
878 2734 943 2772 Gr.

293 2807 331 2845 p.
352 2793 445 2834 848.

351 2846 421 2888 τὸν
435 2846 477 2888 δὲ
495 2850 678 2900 χειμῶνα,
695 2847 842 2897 μοῦνος
862 2845 943 2885 πιέ-

294 2904 412 2956 ζεται]
442 2905 515 2944 Per
531 2905 682 2943 hiemem
701 2903 796 2940 solus
828 2903 943 2940 omni-

1012 1343 1071 1366 um
1091 1330 1281 1366 fluviorum
1291 1329 1397 1367 Nilus
1412 1330 1453 1378 (a
1464 1329 1558 1378 sole)
1579 1341 1664 1380 pre-

1012 1388 1119 1423 mitur
1137 1399 1381 1435 magnamque
1392 1399 1566 1436 aquarum
1578 1386 1664 1423 inde

1012 1443 1141 1479 amittit
1161 1444 1317 1493 copiam,
1348 1456 1455 1492 quum
1481 1443 1535 1479 sol
1554 1443 1601 1478 ad
1623 1454 1664 1478 se

1012 1500 1181 1545 attrahit,
1225 1501 1286 1548 qui
1315 1500 1459 1548 frigoris
1491 1510 1599 1536 causa
1626 1497 1664 1534 in

1011 1555 1118 1592 hasce
1135 1555 1261 1605 plagas
1275 1555 1448 1592 australes
1462 1567 1663 1603 regressus,

1010 1611 1080 1648 illic
1107 1612 1269 1648 subsistit
1293 1611 1455 1660 Niloque
1478 1610 1582 1659 quasi
1609 1611 1665 1646 in-

1013 1669 1167 1714 cumbit,
1197 1669 1262 1705 sed
1284 1668 1430 1705 aestatis
1451 1666 1665 1717 temporein

1012 1725 1169 1761 medium
1189 1724 1327 1761 coelum
1347 1725 1429 1761 hinc
1446 1735 1663 1774 progressus

1011 1793 1086 1817 non
1106 1780 1256 1831 amplius
1279 1794 1299 1818 e
1326 1780 1412 1817 Nilo
1442 1779 1520 1817 solo
1546 1790 1664 1828 aquae

1012 1837 1153 1886 copiam
1178 1837 1353 1883 adsumit,
1392 1849 1515 1874 verum
1547 1847 1664 1884 aequo

1012 1893 1121 1930 modo
1143 1906 1186 1930 ex
1212 1893 1376 1929 omnibus
1400 1892 1537 1937 fluviis3
1566 1891 1665 1928 unde

1011 1953 1291 1986 consentaneum
1309 1953 1375 1996 est,
1404 1948 1528 1985 Nilum
1549 1947 1666 1984 mino-

1012 2017 1088 2041 rem
1108 2017 1224 2053 aquae
1252 2005 1394 2054 copiam
1419 2005 1583 2042 amittere
1603 2015 1664 2041 ae-

1012 2061 1113 2097 statis
1155 2065 1336 2110 tempore,
1376 2073 1484 2109 quam
1524 2059 1663 2107 hiemis,

1011 2116 1170 2165 indeque
1205 2117 1314 2154 etiam
1338 2118 1510 2154 maiorem
1545 2117 1664 2167 ipsum

1010 2174 1122 2210 fluere
1138 2173 1273 2209 aestivo
1293 2186 1398 2221 quam
1411 2173 1561 2211 hiberno
1571 2177 1665 2209 tem-

1009 2241 1110 2278 pore.
1139 2229 1319 2266 Herodoti
1341 2230 1558 2267 sententiam
1577 2228 1663 2265 Plu-

1007 2285 1129 2321 tarcho
1142 2298 1286 2334 quoque
1294 2290 1606 2323 commemoratam
1616 2285 1665 2323 de

1008 2340 1126 2390 placit.
1153 2341 1355 2392 philosoph.
1377 2341 1440 2389 IV,
1467 2345 1488 2383 1
1511 2355 1546 2392 p.
1567 2342 1664 2388 898,

1009 2397 1041 2433 A
1061 2399 1216 2435 refutare
1233 2403 1381 2436 conatus
1401 2403 1457 2436 est
1474 2397 1662 2436 Diodorus

1008 2453 1151 2490 Siculus
1170 2453 1198 2501 I,
1217 2455 1282 2495 38.

1195 2538 1226 2574 C
1237 2551 1259 2575 a
1267 2551 1305 2589 p.
1334 2537 1470 2576 XXVI.

1067 2620 1190 2667 αἴτιος
1204 2619 1245 2659 δὲ
1267 2618 1390 2668 ωὐτὸς
1403 2615 1583 2667 οὗτος-
1593 2617 1662 2659 καὶ

1009 2674 1078 2716 το“ν
1098 2674 1196 2728 ἠέρα
1226 2675 1345 2727 ξηρὸν
1370 2674 1436 2715 τὸν
1466 2671 1588 2731 ταύτῃ
1612 2671 1663 2715 εἷ-

1009 2731 1098 2783 ναι]
1130 2734 1226 2771 Ante
1252 2734 1362 2771 verba
1392 2730 1462 2772 τόν
1483 2731 1584 2785 η’έρα
1606 2752 1664 2761 -

1012 2786 1128 2837 εἶναι,
1159 2802 1252 2839 quae
1275 2790 1320 2826 ab
1344 2788 1466 2836 αἴτιος
1485 2790 1664 2840 pendent,

1010 2860 1084 2883 non
1120 2847 1328 2883 addendum
1368 2847 1478 2894 τοῦ,
1536 2856 1663 2883 verum

1010 2908 1132 2942 mente
1152 2902 1443 2952 intelligendum,
1466 2906 1505 2939 ut
1524 2901 1572 2949 ΙΙ,
1593 2902 1661 2943 26.
