1759 3324
618 276 838 316 CLlO.
893 277 923 316 l.
1323 279 1408 319 443

147 404 223 441 τα,
254 383 603 444 συμβουλεύουσι
631 385 730 441 περὶ
757 388 832 442 τῆς
859 383 1049 439 νούσου,
1081 386 1122 430 εἴ
1146 402 1212 436 τις
1235 386 1309 429 καὶ
1332 385 1406 430 αὐ-

148 469 220 519 τὸς
247 469 422 510 τοιοῦτο
453 465 610 517 ἔπαθε,
640 461 792 508 ὁκοῖον
824 463 908 521 ἔχει
937 463 960 509 ὁ
982 463 1163 521 κάμνων
1181 498 1193 517 ,
1223 464 1252 522 ἢ
1272 465 1409 510 ἄλλον

118 545 233 591 3εἶδε
258 543 474 588 παθόντα.
505 548 642 588 ταῦτα
661 542 917 599 προσιόντες
937 544 1310 600 συμβουλεύουσι,
1333 547 1408 589 καὶ

144 622 428 680 παραινέουσι
466 622 580 667 ἅσσα
621 623 754 676 αὐτὸς
790 622 976 680 ποιήσας
1022 622 1202 679 ἐξέφυγε
1247 622 1407 681 ὁμοίην

116 707 334 755 4νοῦσον,
364 702 391 760 ἢ
420 702 554 747 ἄλλον
584 702 670 748 εἶδε
699 703 960 760 ἐκφυγόντα.
1001 706 1101 760 σιγῇ
1132 703 1178 747 δὲ
1206 704 1404 759 παρεξελ-
1419 711 1462 746 15

144 787 240 826 θεῖν
271 780 349 826 τὸν
374 780 599 838 κάμνοντα
630 782 686 827 οὔ
705 794 785 840 σφι
804 782 960 836 ἔξεστι,
989 783 1092 837 πρὶν
1113 781 1168 826 ἄν
1187 782 1407 840 ἐπείρηται

23 864 121 912 198
144 861 299 919 ἥντινα
329 865 495 906 νοῦσον
523 863 621 920 ἔχει·
1461 864 1738 925 ῗ;3’,“ῑ“;εῑ“;ῑῖ,ῑῑι;

1460 932 1517 958 lim·
1535 936 1607 958 ante
1630 940 1738 958 conou-

1461 966 1554 992 bitum
1607 970 1637 991 et
1672 971 1739 998 post

1461 999 1533 1033 quid
1565 998 1688 1027 faciant.

684 862 832 920 Ταφαὶ
862 862 908 907 δέ
939 874 1018 918 σφι
1047 861 1093 905 ἐν
1114 863 1264 918 μέλιτι.
1294 866 1402 920 θρῆ-

144 1069 282 1111 όκοῖον
313 1069 389 1122 ἔχει
415 1067 435 1110 ὅ
465 1066 653 1121 κάμνων]
683 1069 740 1108 Ita

86 1129 332 1179 rescripsimus
360 1140 439 1165 cum
464 1128 667 1176 Schweigh.
702 1131 739 1165 et

90 1184 205 1222 Gaisf.
230 1197 297 1235 pro
327 1181 463 1223 ὁκοῖον
497 1180 557 1223 ἂν
585 1183 690 1234 ἔχοι
720 1181 740 1223 ὅ

88 1237 266 1292 κάμνων.
297 1240 430 1279 Iisdem
443 1241 648 1278 auctoribus
672 1240 739 1278 eti-

89 1310 149 1335 am
175 1298 267 1334 infra
295 1297 334 1334 in
362 1297 424 1334 fin.
455 1298 581 1348 capitis
613 1297 739 1347 scripsi

90 1352 166 1404 ἔχει
185 1367 252 1404 pro
273 1351 351 1407 ἔχῃ,
373 1354 552 1403 probante
569 1353 739 1391 W‘erfero

89 1410 127 1447 in
155 1409 251 1447 Actt.
277 1409 412 1460 philoll.
444 1409 609 1448 Monacc.
642 1410 683 1459 Ι,
712 1414 739 1452 2

87 1478 173 1517 pag.
202 1466 297 1508 256.

141 1521 209 1561 καὶ
242 1520 503 1575 παραινέουσι
540 1518 643 1562 ἅσσα
669 1516 739 1561 αὕ-

86 1575 151 1625 τὸς
166 1575 338 1630 ποιήσας
362 1594 397 1618 κ.
414 1595 447 1618 τ.
469 1578 518 1630 λ.]
548 1579 608 1618 De
637 1575 740 1619 ἅσσα

90 1637 186 1672 conf.
216 1635 252 1682 1,
284 1638 376 1677 138.
432 1636 476 1674 In
495 1636 640 1685 reliquis
658 1649 741 1673 ver-

90 1691 145 1728 bis
166 1691 337 1729 transitus
370 1696 425 1730 est
450 1706 471 1730 e
495 1692 622 1742 plurali
649 1692 741 1740 (πα-

91 1746 313 1798 ραινέουσι)
339 1749 376 1785 in
403 1749 619 1798 singularem
650 1744 742 1796 (αὕ-

91 1800 155 1850 vde
175 1799 345 1854 ποιήσας
372 1803 590 1857 ἐξέφυγε),
619 1805 742 1843 similis

92 1861 169 1899 fere
189 1873 231 1898 ac
248 1874 359 1912 supra
375 1861 412 1910 Ι,
435 1862 514 1904 195
536 1862 612 1900 init.

262 1944 371 1996 Cap.
402 1945 606 1983 cxcvlu.

148 2026 274 2078 ταφαὶ
292 2027 335 2068 δέ
353 2041 427 2079 σφι
444 2028 487 2069 ἐν
510 2028 656 2081 μέλιτι]
686 2030 747 2067 Iu-

91 2098 131 2124 re
150 2085 219 2123 hoc
247 2086 296 2123 ad
323 2087 609 2125 condiendorum
638 2088 747 2124 cada-

91 2155 215 2180 verum
250 2155 410 2190 morem,
451 2156 527 2181 non
551 2142 744 2194 Aegyptiis

94 2198 178 2236 solis
201 2211 325 2236 verum
355 2199 433 2237 aliis
473 2213 620 2250 quoque
643 2204 745 2238 vete-

93 2267 170 2291 rum
181 2255 322 2306 populis
334 2257 506 2294 usitatum
525 2259 637 2294 refert
646 2257 746 2294 Zoe—

96 2323 144 2359 ga
172 2311 219 2349 de
247 2312 413 2350 obelisco.
437 2326 523 2364 pag.
545 2315 647 2359 268,
677 2313 745 2350 ad-

95 2366 216 2404 iiciens
250 2369 297 2406 de
324 2369 533 2418 Babyloniis
553 2369 745 2406 Strabonis

99 2423 339 2462 testimonium
366 2425 390 2463 l.
412 2425 455 2475 l.‚
484 2426 545 2463 ubi
573 2426 665 2463 haec
693 2425 746 2463 le-

99 2478 233 2527 gimus:
254 2477 457 2521 θοῖπτουσι
476 2481 518 2522 ἐν
531 2481 656 2534 μέλιτι
674 2477 746 2533 κή-

100 2548 155 2586 ρῳ
176 2533 492 2587 περιπλάσαντες.
535 2539 595 2577 De
622 2538 745 2588 Magis

100 2602 143 2626 ac
166 2589 284 2630 Persis
314 2608 423 2645 supra
448 2596 603 2633 vidimus
634 2596 683 2633 ad
713 2595 744 2643 I,

104 2644 206 2693 140,
234 2650 294 2698 qui
319 2652 400 2688 cera
424 2652 573 2689 oblitum
592 2653 746 2690 cadaver

103 2702 271 2742 condunt.
325 2707 463 2745 Similia
480 2709 661 2758 quaedam
680 2709 747 2746 ad-

105 2756 159 2793 dit
188 2758 333 2809 Zo'ega‚
360 2763 399 2800 in
427 2765 555 2813 quibus
584 2766 748 2802 testimo-

105 2812 203 2850 nium
248 2815 467 2858 Beniaminis
515 2820 747 2869 Tudelensis,

106 2868 168 2930 qui
187 2869 222 2907 in
240 2873 386 2921 regione
410 2876 592 2914 Haoulam
619 2891 641 2914 a
659 2878 750 2916 Per-

109 2924 187 2963 side
203 2926 249 2964 ad
268 2935 385 2969 ortum
408 2933 550 2971 saeculo
578 2934 751 2972 duodeci-

805 1082 866 1108 mo
886 1073 972 1121 post
994 1070 1080 1107 Chr.
1098 1083 1133 1107 n.
1155 1069 1277 1108 scribit
1298 1076 1460 1108 mortuos

806 1140 881 1164 non
920 1126 1064 1177 sepeliri
1107 1128 1174 1164 sed
1221 1128 1462 1165 acromatibus

806 1183 946 1220 condiri
993 1183 1279 1232 sindonibusque
1324 1184 1461 1232 obtegi.

806 1239 857 1277 Et
887 1240 987 1288 quod
1015 1239 1211 1277 Alexandri
1242 1238 1459 1278 Macedonis

806 1309 936 1346 corpus
960 1297 1006 1333 ab
1035 1295 1226 1346 Aegyptiis
1246 1295 1462 1334 Chaldaeis-

806 1365 880 1401 que
910 1366 972 1389 suo
1007 1364 1098 1389 more
1137 1356 1298 1389 curatum
1338 1357 1462 1390 narrat

807 1409 953 1445 Curtius
981 1408 1050 1457 (X,
1072 1410 1166 1457 10),
1194 1409 1233 1445 id
1264 1408 1324 1445 alii
1353 1409 1461 1447 melle

807 1469 987 1503 servatum
1008 1466 1259 1515 prodiderunt.
1300 1465 1461 1503 Causam

806 1522 917 1559 moris
948 1523 986 1558 in
1017 1535 1061 1559 eo
1092 1522 1249 1572 positam
1268 1522 1461 1570 credimus,

807 1579 909 1628 quod
945 1591 1062 1627 aeque
1091 1591 1134 1616 ac
1166 1578 1303 1615 Persae
1339 1578 1462 1627 ignem

808 1636 1023 1672 cadaverum
1052 1635 1197 1672 ustione
1225 1635 1463 1672 contaminari

808 1691 1014 1729 noluerunt.
1073 1691 1199 1735 Quare
1215 1690 1352 1729 loculos
1370 1692 1464 1729 ossi-

809 1747 878 1785 bus
895 1747 1080 1798 repletos,
1110 1761 1154 1785 eo
1175 1747 1255 1784 loeo
1283 1748 1464 1796 inventos,

811 1804 875 1841 ubi
892 1805 995 1853 regia
1002 1804 1284 1853 Babyloniorum
1295 1816 1360 1841 arx
1374 1805 1466 1842 fuis-

816 1874 858 1898 se
873 1865 1058 1908 censetur,
1089 1861 1138 1897 ad
1157 1860 1382 1909 Babylonios
1402 1874 1466 1898 ve-

815 1921 912 1955 teres
933 1919 1044 1955 refert
1058 1917 1247 1954 Miinterus
1269 1916 1327 1954 l.l.
1347 1931 1382 1968 p.
1396 1920 1465 1959 77.

814 1973 859 2011 Id
877 1987 987 2010 unum
1016 1973 1279 2010 dubitationem
1306 1987 1466 2022 movere,

815 2030 897 2079 quis
917 2031 1117 2078 existimet,
1137 2030 1235 2079 quod
1251 2030 1287 2066 in
1302 2032 1468 2081 superio-

813 2087 912 2123 ribus
948 2086 1091 2124 aedium
1133 2086 1465 2135 contignationibus

813 2142 919 2180 loculi
935 2143 1071 2180 fuerint
1088 2142 1234 2193 reperti.
1293 2144 1370 2180 Sed
1395 2157 1466 2194 po-

811 2203 906 2238 terat
943 2200 1069 2249 utique
1107 2200 1217 2236 moris
1253 2199 1468 2249 Babylonici

813 2269 919 2303 esse,
947 2260 1114 2305 utquam
1139 2256 1345 2294 diutissime
1367 2269 1468 2294 mor-

811 2316 957 2350 tuorum
984 2313 1163 2350 cadavera
1189 2326 1311 2350 secum
1334 2312 1373 2350 in
1404 2326 1468 2351 ae-

812 2370 918 2407 dibus
957 2369 1114 2407 retinere
1150 2369 1376 2418 studuerint,
1412 2370 1469 2407 in-

813 2426 935 2475 deque
954 2425 1063 2464 etiam
1084 2427 1166 2463 cera
1185 2430 1247 2463 aut
1256 2426 1374 2474 melle,
1395 2440 1468 2476 quo

813 2482 875 2519 illa
905 2487 1163 2521 conservarent
1194 2482 1352 2531 diutius,
1381 2496 1469 2520 con-

815 2539 986 2576 diderint.
1044 2537 1124 2577 Alia
1140 2551 1228 2577 vasa
1249 2539 1378 2577 iisdem
1396 2541 1470 2577 fer-

812 2609 874 2634 me
891 2595 929 2632 in
952 2595 1163 2644 regionibus
1184 2597 1332 2634 detecta
1349 2600 1386 2634 et
1403 2596 1471 2632 hu-

813 2653 929 2690 manis
965 2652 1109 2689 ossibus
1143 2652 1242 2689 haud
1273 2652 1470 2690 combustis

813 2709 955 2758 repleta
971 2709 1020 2746 ad
1029 2708 1160 2747 Persas
1180 2709 1318 2747 referre
1337 2709 1472 2746 mavult

814 2765 1006 2803 Miinterus
1036 2764 1059 2802 l.
1087 2765 1110 2803 l.
1178 2765 1288 2802 Conf.
1324 2765 1361 2813 Ι,
1393 2764 1473 2805 140

816 2821 904 2870 ibiq.
923 2826 1001 2859 not.
1030 2821 1216 2871 Equidem
1243 2834 1354 2858 unum
1375 2820 1473 2858 istud

817 2878 943 2927 addo,
982 2882 1124 2916 veteres
1153 2877 1260 2915 melle
1286 2878 1477 2923 cadavera,

819 2946 916 2985 quae
945 2934 1081 2973 servari
1114 2933 1316 2984 voluerint,
1352 2932 1478 2971 condi-
