1759 3324
619 264 915 305 cL10.1.

143 380 221 436 μὲν
248 381 323 435 τῆς
351 376 524 432 τάφρου
552 373 606 418 τοὶ
634 375 798 430 χείλεα·

115 463 282 515 4τεῖχος
318 456 396 500 τόν
433 452 569 501 αὐτὸν
606 451 785 510 τρόπον.

84 679 125 706 re
141 665 189 713 Π,
214 666 304 707 127.
330 663 433 702 Idem
452 666 575 701 tamen
593 661 648 699 vir
670 661 738 699 do-

85 727 161 760 ctus
184 721 320 770 aliquid
340 720 523 757 desiderat
545 720 592 757 ad
609 731 737 756 narra-

84 778 189 816 tionis
215 777 510 829 perspicuitatem
545 780 583 814 et
610 776 737 825 singu-

83 835 194 873 larum
242 833 398 884 partium
446 832 735 881 intelligentiam,

81 891 294 943 praesertim
329 891 367 926 in
407 889 469 927 illo
509 885 734 941 τριήκοντα,

82 953 158 984 tum
179 947 279 996 quod
299 946 398 983 nulla
418 947 554 983 mentio
574 947 638 984 fiat
657 959 736 984 ma-

81 1004 217 1050 teriae,
257 1008 403 1054 praeter
430 1003 613 1050 bitumen,
642 1004 736 1040 inter

81 1060 270 1112 pauciores
307 1064 370 1097 aut
394 1059 554 1108 singulos
583 1059 736 1098 laterum

81 1117 229 1154 ordines
257 1117 479 1154 interiectae.
543 1114 599 1153 Ac
629 1129 737 1154 sane-

83 1185 193 1224 quam
210 1174 338 1210 mirum
359 1173 476 1210 videri
493 1177 638 1223 potest,
666 1175 734 1211 tri-

83 1231 206 1267 cesimo
227 1232 351 1281 cuique
362 1230 509 1267 laterum
529 1230 643 1268 ordini
653 1236 737 1268 tan-

82 1290 182 1334 tum,
209 1299 276 1324 nec
305 1300 391 1325 vero
422 1285 571 1335 singulis
599 1288 737 1325 ordini-

82 1343 150 1380 bus
178 1347 241 1380 aut
266 1348 362 1381 certe
389 1342 631 1393 compluribus
656 1357 737 1382 cra-

83 1403 139 1436 tes
157 1399 373 1437 arundineas
391 1400 624 1449 interpositas
643 1414 735 1439 esse.

85 1456 209 1499 Quare
237 1455 435 1494 Salmasius
473 1469 516 1493 ac
542 1462 627 1507 post
651 1470 734 1496 eum

82 1511 346 1561 Wesselingius
387 1513 504 1550 locum
538 1514 590 1551 ita
619 1514 734 1565 accipi

82 1569 241 1616 malunt,
263 1573 303 1607 ut
321 1572 473 1620 tm'gz'nta
483 1570 563 1608 imis
584 1571 734 1609 laterum

83 1625 260 1663 ordinibus
285 1631 400 1665 crates
429 1627 522 1664 istae
541 1628 735 1680 interposi-

83 1685 145 1720 tae
179 1682 325 1720 fuerint.
383 1683 459 1721 Sed
493 1696 642 1732 vereor,
695 1688 738 1721 ut

84 1738 165 1788 ipsa
185 1739 329 1777 Graeca
348 1740 479 1787 verba,
501 1740 623 1789 qualia
640 1753 737 1778 nune

84 1794 277 1843 leguntur,
322 1795 433 1834 talem
467 1797 731 1846 interpretatio-

84 1863 168 1888 nem
189 1852 401 1900 admittant3
430 1866 498 1892 nec
527 1853 621 1890 ullus
649 1854 737 1891 mihi

83 1911 179 1946 certe
214 1907 372 1946 innotuit
407 1908 530 1958 locus,
582 1910 643 1947 ubi
671 1907 738 1949 διαὶ

84 1977 164 2002 cum
184 1965 343 2014 genitivo
362 1965 436 2004 tale
452 1967 540 2016 quid
559 1968 738 2018 exprime-

84 2033 124 2059 re
141 2023 309 2072 potuerit.
342 2043 391 2050 —
423 2019 595 2074 ταρσούς
618 2019 737 2062 καλά-

85 2092 171 2129 μων
197 2078 282 2115 dicit
302 2081 424 2127 texta,
456 2084 570 2117 crates
588 2080 736 2118 arundi-

83 2147 179 2182 neas,
193 2147 268 2171 non
277 2135 356 2172 alas
365 2137 589 2184 arundinum,
608 2151 734 2187 quem-

85 2191 281 2228 admodum
336 2193 422 2230 olim
486 2194 735 2232 reddiderant.

86 2247 219 2286 Graeci
237 2247 419 2298 explicant
446 2249 664 2302 πλέγματας
688 2253 733 2288 cf.

87 2303 243 2352 Gregor.
260 2305 425 2343 Corinth.
452 2307 500 2344 de
519 2307 603 2345 dial.
622 2308 733 2345 Ionic.

88 2358 126 2410 ᾖ.
146 2363 225 2402 107
240 2361 326 2411 ibiq.
355 2362 503 2413 interpr.
528 2367 565 2403 et
585 2364 621 2401 T
623 2364 736 2413 hucy-

89 2416 163 2453 did.
196 2416 252 2464 ll,
281 2420 358 2466 76,
395 2432 444 2457 ne
473 2419 544 2458 alia
572 2421 736 2458 afferam.

89 2470 148 2509 Ad
158 2485 232 2510 rem
243 2474 360 2524 ipsam
372 2476 544 2515 admonet
552 2477 738 2527 Schweig*

88 2526 307 2566 haeuserus
298 2544 335 2568 in
356 2531 569 2571 Tavernerii
585 2533 740 2572 Itinera-

89 2583 143 2620 rio
168 2584 190 2622 Ι.
209 2585 244 2623 ΙΙ
268 2600 323 2636 cp.
353 2591 380 2629 7
409 2589 561 2627 inveniri
588 2590 739 2629 similem

92 2641 184 2677 muri
210 2644 338 2680 veteris
370 2644 669 2696 descriptionem,
698 2647 736 2684 in

94 2707 169 2744 quo
188 2696 375 2738 interserta
390 2702 524 2740 fuerint
541 2704 635 2741 inter
646 2703 738 2741 late-

94 2763 174 2789 rum
205 2754 346 2792 ordines
385 2761 498 2795 strata
527 2760 738 2798 arundinea.

95 2805 186 2844 Nos]
202 2807 364 2849 nolumus
403 2818 589 2863 repetere,
639 2815 740 2865 quod

96 2845 206 2900 modo
220 2875 262 2901 ex
271 2865 452 2905 Heerenio
469 2871 741 2922 adscripsimus,

98 2919 226 2957 eadem
244 2922 385 2972 omnia,
410 2937 505 2975 quae
528 2927 576 2966 de
601 2929 742 2966 moeni-

1315 266 1400 307 893

857 371 1037 430 δεύτερα
1077 374 1148 426 δὲ,
1200 371 1308 418 αὐτὸ
1346 373 1397 418 τὸ

843 451 988 498 ἐπάνω
1033 452 1079 498 δὲ
1116 455 1199 496 τοῦ
1243 454 1456 510 τείχεος45

803 674 865 701 um
891 663 1192 701 exstruendorum
1209 663 1351 701 ratione
1369 663 1457 701 scri-

802 719 858 758 bit
875 719 1088 758 Herodotus
1099 750 1110 769 ,
1129 720 1240 757 ruinis
1259 720 1377 757 adhuc
1394 733 1456 757 su-

802 777 1013 827 perstitibus
1028 777 1165 828 optime
1180 776 1396 824 confirmari,
1412 776 1457 813 il-

802 832 930 883 lasque
960 838 1076 871 crates
1110 833 1329 871 arundineas
1365 832 1458 871 late-

800 903 882 927 rum
911 890 1100 927 ordinibus
1125 890 1335 928 intersertas
1362 890 1458 927 inte-

802 959 888 996 gras
906 959 1002 984 nunc
1018 959 1165 996 quoque
1177 946 1336 997 conspici
1356 947 1453 996 opti-

803 1016 863 1040 me
881 1007 1043 1041 servatas
1058 1032 1069 1051 ‚
1087 1008 1127 1040 ut
1140 1007 1224 1041 ante
1244 1003 1355 1040 breve
1370 1007 1455 1039 tan-

801 1063 879 1097 tum
895 1064 1038 1110 tempus
1062 1060 1270 1098 intersertas
1291 1072 1354 1097 eas
1374 1072 1456 1098 esse

803 1117 996 1155 existimes.
1074 1116 1295 1155 Invenerunt
1334 1116 1457 1153 Beau-

804 1174 933 1223 champ
943 1203 954 1220 ,
967 1172 1188 1210 Niebuhrius
1201 1203 1212 1221 ,
1230 1174 1277 1210 de
1294 1172 1329 1209 la
1340 1172 1456 1221 Valle,

803 1230 889 1277 alii,
919 1231 984 1267 has
1013 1234 1131 1267 crates
1160 1230 1377 1266 arundineas
1403 1229 1458 1266 la-

802 1286 938 1324 teribus
959 1286 1134 1334 insertas,
1157 1286 1222 1323 sed
1241 1286 1353 1323 altero
1365 1298 1457 1334 quo-

804 1355 878 1392 que
898 1346 961 1379 aut
983 1342 1090 1380 etiam
1110 1347 1226 1389 sexto,
1245 1343 1400 1392 septimo
1420 1345 1458 1380 et

804 1403 932 1437 octavo
953 1400 990 1436 in
1009 1400 1147 1437 ordine.
1189 1399 1331 1442 Quibus
1353 1398 1458 1436 testi-

802 1456 932 1494 moniis
950 1456 1129 1504 confisus,
1155 1455 1357 1493 Rennelius
1382 1454 1459 1493 exi-

804 1513 945 1561 stimat,
974 1512 1018 1555 ⁴in
1056 1512 1270 1550 Herodoteo
1305 1514 1459 1561 triginta

801 1569 953 1607 laterum
963 1582 1112 1607 numero
1122 1569 1294 1607 mendum
1308 1569 1459 1606 subesse

802 1639 826 1663 a
854 1626 1007 1662 librariis
1048 1626 1288 1663 commissum.
1347 1626 1458 1662 Conf.

804 1683 944 1731 Geogr.
962 1682 1144 1720 Herodot.
1161 1696 1198 1734 p.
1211 1682 1304 1724 559.
1334 1681 1459 1725 Quare

804 1739 949 1788 Steger.
984 1739 1167 1777 Praefatio
1197 1739 1247 1776 ad
1277 1738 1459 1776 Herodot.

803 1808 892 1846 pag.
913 1795 947 1832 X
967 1809 1044 1846 seq.
1065 1808 1172 1833 voces
1192 1791 1259 1834 διοὶ
1265 1791 1460 1860 τριήκον-

805 1867 853 1891 τα
881 1852 1014 1902 corrigi
1045 1852 1120 1889 vult
1157 1852 1194 1888 in
1225 1846 1300 1891 δύο
1325 1847 1354 1902 ἢ
1379 1866 1460 1903 τρι-

807 1923 864 1948 ων
893 1924 992 1957 κους
1033 1909 1094 1946 ubi
1121 1903 1196 1947 δύο
1227 1908 1385 1959 positum
1411 1909 1460 1946 sit

804 1979 873 2018 pro
913 1965 1041 2013 δυῶν,
1089 1969 1126 2003 et
1157 1965 1338 2033 genitivus
1366 1977 1460 2016 pen-

806 2023 892 2060 deat
912 2035 934 2059 a
943 2022 1218 2073 praepositione
1240 2017 1337 2060 διοέ“
1328 2034 1367 2058 m
1378 2034 1460 2059 ver-

804 2079 852 2116 bo
866 2074 1251 2129 διαστοιβάζειν,κου
1271 2091 1358 2116 vero
1378 2091 1460 2116 esse

804 2138 953 2173 circiter.
1010 2136 1061 2172 Et
1080 2136 1142 2184 qui
1162 2134 1370 2185 nuperrime
1392 2135 1458 2172 has

803 2193 972 2242 regiones
1002 2192 1123 2229 invisit
1149 2196 1459 2241 monumentaque

802 2250 1013 2300 descripsit,
1046 2248 1332 2298 Buckingham.,
1371 2261 1459 2286 con-

801 2307 922 2343 firmat
950 2306 1110 2357 priorum
1142 2306 1460 2356 peregrinatorum

803 2363 1050 2400 narrationem
1063 2363 1111 2400 de
1132 2362 1289 2399 cratibus
1308 2361 1458 2399 arundi-

805 2419 882 2457 neis
912 2420 1039 2469 quinto
1072 2422 1135 2456 aut
1170 2422 1272 2456 sexto
1305 2418 1459 2456 laterum

805 2476 925 2514 ordini
947 2476 1145 2513 intersertis
1157 2504 1168 2523 ‚
1188 2487 1388 2524 causasque
1402 2475 1459 2511 in-

805 2533 984 2582 vestigat,
1013 2545 1076 2570 cur
1096 2532 1148 2569 ita
1166 2532 1317 2570 fecerint
1333 2531 1459 2580 Baby·

806 2589 904 2628 lonii.
961 2589 1005 2626 ln
1024 2601 1175 2626 numero
1193 2588 1357 2634 laterum,
1377 2588 1459 2637 qui-

807 2646 875 2684 bus
894 2649 1009 2684 crates
1022 2645 1175 2683 iniectae
1186 2645 1332 2692 fuerint,
1353 2643 1458 2682 facile

804 2703 977 2741 mendum
1005 2702 1166 2752 irrepere
1194 2702 1358 2752 potuisse
1387 2700 1458 2751 ipsi

805 2772 952 2809 quoque
972 2757 1160 2809 probabile
1178 2758 1330 2795 videtur.
1347 2757 1457 2794 conf.

807 2816 884 2853 eius
913 2815 1071 2852 itinerar.
1091 2815 1130 2851 in
1152 2813 1458 2865 Mesopotamiam

807 2867 987 2920 (Berolin.
1008 2871 1136 2919 1828)
1156 2882 1243 2921 pag·
1255 2868 1348 2911 449·
1361 2868 1456 2910 505.

864 2922 1002 2968 ἐπάνω
1021 2923 1065 2967 δὲ
1090 2928 1163 2967 τοῦ
1183 2926 1329 2978 τείχεος
1347 2939 1456 2975 παρα
