<?xml version="1.0" encoding="UTF-8"?>
<!DOCTYPE html PUBLIC "-//W3C//DTD XHTML 1.0 Transitional//EN"
    "http://www.w3.org/TR/xhtml1/DTD/xhtml1-transitional.dtd">
<html xmlns="http://www.w3.org/1999/xhtml" xml:lang="en" lang="en">
 <head>
  <title>
</title>
<meta http-equiv="Content-Type" content="text/html;charset=utf-8" />
  <meta name='ocr-system' content='tesseract 3.04.00' />
  <meta name='ocr-capabilities' content='ocr_page ocr_carea ocr_par ocr_line ocrx_word'/>
</head>
<body>
  <div class='ocr_page' id='page_1' title='image "./musaeher01hero/musaeher01hero_0832.png"; bbox 0 0 1786 3306; ppageno 0'>
   <div class='ocr_carea' id='block_1_1' title="bbox 208 685 306 729">
    <p class='ocr_par' dir='ltr' id='par_1_1' title="bbox 208 685 306 729">
     <span class='ocr_line' id='line_1_1' title="bbox 208 685 306 729; baseline 0.01 -1"><span class='ocrx_word' id='word_1_1' title='bbox 208 685 306 729; x_wconf 73' lang='lat'>142</span> 
     </span>
    </p>
   </div>
   <div class='ocr_carea' id='block_1_2' title="bbox 32 748 312 918">
    <p class='ocr_par' dir='ltr' id='par_1_2' title="bbox 32 748 312 918">
     <span class='ocr_line' id='line_1_2' title="bbox 35 748 312 784; baseline 0 -9"><span class='ocrx_word' id='word_1_2' title='bbox 35 748 134 781; x_wconf 64' lang='lat' dir='ltr'>Remu</span> <span class='ocrx_word' id='word_1_3' title='bbox 170 750 212 775; x_wconf 81' lang='lat' dir='ltr'>Ae</span> <span class='ocrx_word' id='word_1_4' title='bbox 237 748 312 784; x_wconf 77' lang='lat' dir='ltr'>yptii</span> 
     </span>
     <span class='ocr_line' id='line_1_3' title="bbox 33 757 311 810; baseline 0.004 -1"><span class='ocrx_word' id='word_1_5' title='bbox 33 791 52 809; x_wconf 84' lang='lat' dir='ltr'>a</span> <span class='ocrx_word' id='word_1_6' title='bbox 77 782 168 809; x_wconf 86' lang='lat' dir='ltr'><strong>Mene</strong></span> <span class='ocrx_word' id='word_1_7' title='bbox 194 757 234 810; x_wconf 54' lang='grc' dir='ltr'>εξ</span> <span class='ocrx_word' id='word_1_8' title='bbox 258 784 311 810; x_wconf 83' lang='lat' dir='ltr'>Se-</span> 
     </span>
     <span class='ocr_line' id='line_1_4' title="bbox 33 816 309 851; baseline -0.004 -8"><span class='ocrx_word' id='word_1_9' title='bbox 33 816 153 843; x_wconf 76' lang='lat' dir='ltr'>thonem</span> <span class='ocrx_word' id='word_1_10' title='bbox 214 821 309 851; x_wconf 69' lang='lat' dir='ltr'>aetas,</span> 
     </span>
     <span class='ocr_line' id='line_1_5' title="bbox 33 851 308 876; baseline 0 0"><span class='ocrx_word' id='word_1_11' title='bbox 33 857 180 876; x_wconf 78' lang='lat' dir='ltr'>annorum</span> <span class='ocrx_word' id='word_1_12' title='bbox 225 851 308 876; x_wconf 62' lang='lat'>156³:</span> 
     </span>
     <span class='ocr_line' id='line_1_6' title="bbox 32 883 310 918; baseline 0.004 -9"><span class='ocrx_word' id='word_1_13' title='bbox 32 883 112 909; x_wconf 80' lang='lat' dir='ltr'>intra</span> <span class='ocrx_word' id='word_1_14' title='bbox 139 883 168 910; x_wconf 85' lang='lat' dir='ltr'>id</span> <span class='ocrx_word' id='word_1_15' title='bbox 196 887 310 918; x_wconf 78' lang='lat' dir='ltr'>tempus</span> 
     </span>
    </p>
   </div>
   <div class='ocr_carea' id='block_1_3' title="bbox 32 916 306 950">
    <p class='ocr_par' dir='ltr' id='par_1_3' title="bbox 32 916 306 950">
     <span class='ocr_line' id='line_1_7' title="bbox 32 916 306 950; baseline 0 -8"><span class='ocrx_word' id='word_1_16' title='bbox 32 916 148 943; x_wconf 79' lang='lat' dir='ltr'>initium</span> <span class='ocrx_word' id='word_1_17' title='bbox 168 917 237 950; x_wconf 80' lang='lat' dir='ltr'>vagi</span> <span class='ocrx_word' id='word_1_18' title='bbox 259 925 306 943; x_wconf 61' lang='lat' dir='ltr'>an&gt;</span> 
     </span>
    </p>
   </div>
   <div class='ocr_carea' id='block_1_4' title="bbox 34 950 311 1016">
    <p class='ocr_par' dir='ltr' id='par_1_4' title="bbox 34 950 311 1016">
     <span class='ocr_line' id='line_1_8' title="bbox 34 950 311 976; baseline 0 0"><span class='ocrx_word' id='word_1_19' title='bbox 34 950 64 976; x_wconf 90' lang='lat' dir='ltr'>ni</span> <span class='ocrx_word' id='word_1_20' title='bbox 92 950 136 976; x_wconf 74' lang='lat' dir='ltr'>bis</span> <span class='ocrx_word' id='word_1_21' title='bbox 162 950 193 976; x_wconf 87' lang='lat' dir='ltr'>in</span> <span class='ocrx_word' id='word_1_22' title='bbox 213 954 311 976; x_wconf 80' lang='lat' dir='ltr'>aesta-</span> 
     </span>
     <span class='ocr_line' id='line_1_9' title="bbox 34 983 311 1016; baseline 0 -7"><span class='ocrx_word' id='word_1_23' title='bbox 34 987 92 1009; x_wconf 88' lang='lat' dir='ltr'>tem</span> <span class='ocrx_word' id='word_1_24' title='bbox 108 1004 116 1016; x_wconf 90' lang='lat'>,</span> <span class='ocrx_word' id='word_1_25' title='bbox 135 984 178 1010; x_wconf 72' lang='lat' dir='ltr'>bis</span> <span class='ocrx_word' id='word_1_26' title='bbox 198 984 227 1009; x_wconf 91' lang='lat' dir='ltr'>in</span> <span class='ocrx_word' id='word_1_27' title='bbox 247 983 311 1010; x_wconf 77' lang='lat' dir='ltr'>hie-</span> 
     </span>
    </p>
   </div>
   <div class='ocr_carea' id='block_1_5' title="bbox 34 1016 275 1045">
    <p class='ocr_par' dir='ltr' id='par_1_5' title="bbox 34 1016 275 1045">
     <span class='ocr_line' id='line_1_10' title="bbox 34 1016 275 1045; baseline 0 -1"><span class='ocrx_word' id='word_1_28' title='bbox 34 1025 104 1045; x_wconf 86' lang='lat' dir='ltr'>men</span> <span class='ocrx_word' id='word_1_29' title='bbox 122 1016 275 1045; x_wconf 76' lang='lat' dir='ltr'>incidisse,</span> 
     </span>
    </p>
   </div>
   <div class='ocr_carea' id='block_1_6' title="bbox 366 251 452 292">
    <p class='ocr_par' dir='ltr' id='par_1_6' title="bbox 366 251 452 292">
     <span class='ocr_line' id='line_1_11' title="bbox 366 251 452 292; baseline -0.023 0"><span class='ocrx_word' id='word_1_30' title='bbox 366 251 452 292; x_wconf 83' lang='lat'>810</span> 
     </span>
    </p>
   </div>
   <div class='ocr_carea' id='block_1_7' title="bbox 764 251 1235 290">
    <p class='ocr_par' dir='ltr' id='par_1_7' title="bbox 764 251 1235 290">
     <span class='ocr_line' id='line_1_12' title="bbox 764 251 1235 290; baseline -0.002 0"><span class='ocrx_word' id='word_1_31' title='bbox 764 251 1235 290; x_wconf 88' lang='lat' dir='ltr'>HERODOTI</span> 
     </span>
    </p>
   </div>
   <div class='ocr_carea' id='block_1_8' title="bbox 370 358 1758 420">
    <p class='ocr_par' dir='ltr' id='par_1_8' title="bbox 370 358 1758 420">
     <span class='ocr_line' id='line_1_13' title="bbox 370 358 1758 420; baseline 0.004 -16"><span class='ocrx_word' id='word_1_32' title='bbox 370 359 570 419; x_wconf 78' lang='grc' dir='ltr'><strong><em>βασιλεύς</em></strong></span> <span class='ocrx_word' id='word_1_33' title='bbox 599 360 748 417; x_wconf 76' lang='grc' dir='ltr'><strong><em>ἕστηκε</em></strong></span> <span class='ocrx_word' id='word_1_34' title='bbox 779 360 825 404; x_wconf 78' lang='grc' dir='ltr'>ἐν</span> <span class='ocrx_word' id='word_1_35' title='bbox 862 365 922 420; x_wconf 76' lang='grc' dir='ltr'>τῷ</span> <span class='ocrx_word' id='word_1_36' title='bbox 954 362 1035 418; x_wconf 81' lang='grc' dir='ltr'><strong><em>ἱρῷ</em></strong></span> <span class='ocrx_word' id='word_1_37' title='bbox 1063 364 1146 404; x_wconf 88' lang='grc' dir='ltr'>τοῦ</span> <span class='ocrx_word' id='word_1_38' title='bbox 1170 358 1414 416; x_wconf 82' lang='grc' dir='ltr'><strong><em>Ἡφαίστου</em></strong></span> <span class='ocrx_word' id='word_1_39' title='bbox 1444 362 1627 414; x_wconf 78' lang='grc' dir='ltr'>λίθινος,</span> <span class='ocrx_word' id='word_1_40' title='bbox 1678 369 1758 409; x_wconf 89' lang='grc'>173</span> 
     </span>
    </p>
   </div>
   <div class='ocr_carea' id='block_1_9' title="bbox 370 439 1635 496">
    <p class='ocr_par' dir='ltr' id='par_1_9' title="bbox 370 439 1635 496">
     <span class='ocr_line' id='line_1_14' title="bbox 370 439 1635 496; baseline -0.002 -11"><span class='ocrx_word' id='word_1_41' title='bbox 370 441 480 496; x_wconf 65' lang='grc' dir='ltr'><em>ἔχων</em></span> <span class='ocrx_word' id='word_1_42' title='bbox 509 440 578 484; x_wconf 78' lang='grc' dir='ltr'>ἐπὶ</span> <span class='ocrx_word' id='word_1_43' title='bbox 615 444 692 495; x_wconf 85' lang='grc' dir='ltr'>τῆς</span> <span class='ocrx_word' id='word_1_44' title='bbox 729 439 868 496; x_wconf 83' lang='grc' dir='ltr'><strong><em>χειρὸς</em></strong></span> <span class='ocrx_word' id='word_1_45' title='bbox 907 445 1019 496; x_wconf 86' lang='grc' dir='ltr'><em>μῦν,</em></span> <span class='ocrx_word' id='word_1_46' title='bbox 1076 439 1214 496; x_wconf 76' lang='grc' dir='ltr'><em>λέγων</em></span> <span class='ocrx_word' id='word_1_47' title='bbox 1253 440 1325 483; x_wconf 83' lang='grc' dir='ltr'>διὰ</span> <span class='ocrx_word' id='word_1_48' title='bbox 1368 441 1635 496; x_wconf 81' lang='grc' dir='ltr'><em>γραμμάτων</em></span> 
     </span>
    </p>
   </div>
   <div class='ocr_carea' id='block_1_10' title="bbox 369 520 548 643">
    <p class='ocr_par' dir='ltr' id='par_1_10' title="bbox 369 520 548 643">
     <span class='ocr_line' id='line_1_15' title="bbox 369 520 493 564; baseline -0.008 0"><span class='ocrx_word' id='word_1_49' title='bbox 369 520 471 564; x_wconf 80' lang='grc' dir='ltr'><em>τάδε</em></span> <span class='ocrx_word' id='word_1_50' title='bbox 484 534 493 544; x_wconf 90' lang='grc'><em>·</em></span> 
     </span>
     <span class='ocr_line' id='line_1_16' title="bbox 369 602 548 643; baseline -0.028 0"><span class='ocrx_word' id='word_1_51' title='bbox 369 603 454 643; x_wconf 89' lang='grc' dir='ltr'>ΕΣ</span> <span class='ocrx_word' id='word_1_52' title='bbox 459 602 548 642; x_wconf 75' lang='grc' dir='ltr'>ΤΩ.</span> 
     </span>
    </p>
   </div>
   <div class='ocr_carea' id='block_1_11' title="bbox 563 519 1639 572">
    <p class='ocr_par' dir='ltr' id='par_1_11' title="bbox 563 519 1639 572">
     <span class='ocr_line' id='line_1_17' title="bbox 563 519 1639 572; baseline 0 -10"><span class='ocrx_word' id='word_1_53' title='bbox 563 523 647 562; x_wconf 90' lang='grc' dir='ltr'>ΕΣ</span> <span class='ocrx_word' id='word_1_54' title='bbox 694 523 828 562; x_wconf 88' lang='grc' dir='ltr'>ΕΜΕ</span> <span class='ocrx_word' id='word_1_55' title='bbox 889 523 992 563; x_wconf 91' lang='grc' dir='ltr'>ΤΙΣ</span> <span class='ocrx_word' id='word_1_56' title='bbox 1047 519 1284 572; x_wconf 66' lang='lat' dir='ltr'>UPESZN,</span> <span class='ocrx_word' id='word_1_57' title='bbox 1344 523 1639 563; x_wconf 79' lang='grc' dir='ltr'><strong><em>ΕΤΣΕΒΗΣ</em></strong></span> 
     </span>
    </p>
   </div>
   <div class='ocr_carea' id='block_1_12' title="bbox 477 675 1691 734">
    <p class='ocr_par' dir='ltr' id='par_1_12' title="bbox 477 675 1691 734">
     <span class='ocr_line' id='line_1_18' title="bbox 477 675 1691 734; baseline -0.003 -13"><span class='ocrx_word' id='word_1_58' title='bbox 477 677 545 729; x_wconf 91' lang='grc' dir='ltr'>Ἐς</span> <span class='ocrx_word' id='word_1_59' title='bbox 584 677 662 732; x_wconf 70' lang='grc' dir='ltr'>μὲν</span> <span class='ocrx_word' id='word_1_60' title='bbox 698 676 879 721; x_wconf 86' lang='grc' dir='ltr'><strong><em>τοσόνδε</em></strong></span> <span class='ocrx_word' id='word_1_61' title='bbox 918 682 998 721; x_wconf 88' lang='grc' dir='ltr'>τοῦ</span> <span class='ocrx_word' id='word_1_62' title='bbox 1037 679 1172 734; x_wconf 82' lang='grc' dir='ltr'><em>λόγου</em></span> <span class='ocrx_word' id='word_1_63' title='bbox 1204 675 1436 734; x_wconf 82' lang='grc' dir='ltr'><strong><em>Αἰγύπτιοί</em></strong></span> <span class='ocrx_word' id='word_1_64' title='bbox 1474 693 1519 721; x_wconf 88' lang='grc' dir='ltr'>τε</span> <span class='ocrx_word' id='word_1_65' title='bbox 1559 678 1633 722; x_wconf 81' lang='grc' dir='ltr'>καὶ</span> <span class='ocrx_word' id='word_1_66' title='bbox 1648 686 1691 718; x_wconf 88' lang='grc'>10</span> 
     </span>
    </p>
   </div>
   <div class='ocr_carea' id='block_1_13' title="bbox 371 753 1632 812">
    <p class='ocr_par' dir='ltr' id='par_1_13' title="bbox 371 753 1632 812">
     <span class='ocr_line' id='line_1_19' title="bbox 371 753 1632 812; baseline -0.001 -10"><span class='ocrx_word' id='word_1_67' title='bbox 371 759 416 802; x_wconf 85' lang='grc' dir='ltr'>οἷ</span> <span class='ocrx_word' id='word_1_68' title='bbox 444 756 555 811; x_wconf 80' lang='grc' dir='ltr'><strong><em>ἷρὲες</em></strong></span> <span class='ocrx_word' id='word_1_69' title='bbox 585 756 757 811; x_wconf 74' lang='grc' dir='ltr'>ἔλεγον,</span> <span class='ocrx_word' id='word_1_70' title='bbox 814 753 1171 810; x_wconf 78' lang='grc' dir='ltr'><em>ἀποδεικνύντες,</em></span> <span class='ocrx_word' id='word_1_71' title='bbox 1219 756 1303 800; x_wconf 82' lang='grc' dir='ltr'>ἀπὸ</span> <span class='ocrx_word' id='word_1_72' title='bbox 1334 761 1413 800; x_wconf 82' lang='grc' dir='ltr'>τοῦ</span> <span class='ocrx_word' id='word_1_73' title='bbox 1453 758 1632 812; x_wconf 74' lang='grc' dir='ltr'><strong><em>πρώτου</em></strong></span> 
     </span>
    </p>
   </div>
   <div class='ocr_carea' id='block_1_14' title="bbox 368 831 1632 892">
    <p class='ocr_par' dir='ltr' id='par_1_14' title="bbox 368 831 1632 892">
     <span class='ocr_line' id='line_1_20' title="bbox 368 831 1632 892; baseline 0.001 -13"><span class='ocrx_word' id='word_1_74' title='bbox 368 834 567 892; x_wconf 80' lang='grc' dir='ltr'><em>βασιλέος</em></span> <span class='ocrx_word' id='word_1_75' title='bbox 597 834 640 885; x_wconf 80' lang='grc' dir='ltr'>ἐς</span> <span class='ocrx_word' id='word_1_76' title='bbox 673 839 752 877; x_wconf 87' lang='grc' dir='ltr'>τοῦ</span> <span class='ocrx_word' id='word_1_77' title='bbox 776 831 1020 889; x_wconf 79' lang='grc' dir='ltr'><strong><em>Ἡφαίστου</em></strong></span> <span class='ocrx_word' id='word_1_78' title='bbox 1049 835 1127 878; x_wconf 81' lang='grc' dir='ltr'>τόν</span> <span class='ocrx_word' id='word_1_79' title='bbox 1157 835 1252 889; x_wconf 83' lang='grc' dir='ltr'><strong><em>ἱρέα</em></strong></span> <span class='ocrx_word' id='word_1_80' title='bbox 1281 839 1440 879; x_wconf 81' lang='grc' dir='ltr'><strong><em>τοῦτον</em></strong></span> <span class='ocrx_word' id='word_1_81' title='bbox 1469 836 1547 880; x_wconf 83' lang='grc' dir='ltr'>τὸν</span> <span class='ocrx_word' id='word_1_82' title='bbox 1564 853 1632 880; x_wconf 85' lang='grc' dir='ltr'>τε-</span> 
     </span>
    </p>
   </div>
   <div class='ocr_carea' id='block_1_15' title="bbox 370 911 1633 970">
    <p class='ocr_par' dir='ltr' id='par_1_15' title="bbox 370 911 1633 970">
     <span class='ocr_line' id='line_1_21' title="bbox 370 911 1633 970; baseline 0.001 -12"><span class='ocrx_word' id='word_1_83' title='bbox 370 919 570 958; x_wconf 82' lang='grc' dir='ltr'>λευταῖον</span> <span class='ocrx_word' id='word_1_84' title='bbox 619 911 936 967; x_wconf 81' lang='grc' dir='ltr'><strong><em>βασιλεύσαντα</em></strong></span> <span class='ocrx_word' id='word_1_85' title='bbox 979 915 1086 969; x_wconf 87' lang='grc' dir='ltr'>μίαν</span> <span class='ocrx_word' id='word_1_86' title='bbox 1123 930 1167 957; x_wconf 86' lang='grc' dir='ltr'>τε</span> <span class='ocrx_word' id='word_1_87' title='bbox 1211 914 1282 957; x_wconf 81' lang='grc' dir='ltr'>καὶ</span> <span class='ocrx_word' id='word_1_88' title='bbox 1321 913 1633 970; x_wconf 81' lang='grc' dir='ltr'><strong><em>τεσσεράκοντα</em></strong></span> 
     </span>
    </p>
   </div>
   <div class='ocr_carea' id='block_1_16' title="bbox 368 989 1632 1049">
    <p class='ocr_par' dir='ltr' id='par_1_16' title="bbox 368 989 1632 1049">
     <span class='ocr_line' id='line_1_22' title="bbox 368 989 1632 1049; baseline -0.002 -11"><span class='ocrx_word' id='word_1_89' title='bbox 368 994 440 1038; x_wconf 78' lang='grc' dir='ltr'>καὶ</span> <span class='ocrx_word' id='word_1_90' title='bbox 480 995 729 1049; x_wconf 81' lang='grc' dir='ltr'><strong><em>τριηκοσίας</em></strong></span> <span class='ocrx_word' id='word_1_91' title='bbox 776 989 1030 1046; x_wconf 74' lang='grc' dir='ltr'>ἀνθρώπων</span> <span class='ocrx_word' id='word_1_92' title='bbox 1065 992 1217 1049; x_wconf 78' lang='grc' dir='ltr'>γενεὰς</span> <span class='ocrx_word' id='word_1_93' title='bbox 1253 991 1510 1048; x_wconf 76' lang='grc' dir='ltr'><em>γενομένας,</em></span> <span class='ocrx_word' id='word_1_94' title='bbox 1557 994 1632 1036; x_wconf 86' lang='grc' dir='ltr'>καὶ</span> 
     </span>
    </p>
   </div>
   <div class='ocr_carea' id='block_1_17' title="bbox 366 1070 1632 1130">
    <p class='ocr_par' dir='ltr' id='par_1_17' title="bbox 366 1070 1632 1130">
     <span class='ocr_line' id='line_1_23' title="bbox 366 1070 1632 1130; baseline -0.001 -13"><span class='ocrx_word' id='word_1_95' title='bbox 366 1073 414 1117; x_wconf 77' lang='grc' dir='ltr'>ἐν</span> <span class='ocrx_word' id='word_1_96' title='bbox 442 1071 625 1130; x_wconf 81' lang='grc' dir='ltr'><strong><em>ταύτῃσι</em></strong></span> <span class='ocrx_word' id='word_1_97' title='bbox 653 1071 853 1128; x_wconf 80' lang='grc' dir='ltr'><strong><em>ἄρχιρέας</em></strong></span> <span class='ocrx_word' id='word_1_98' title='bbox 881 1073 956 1115; x_wconf 80' lang='grc' dir='ltr'>καὶ</span> <span class='ocrx_word' id='word_1_99' title='bbox 985 1072 1189 1128; x_wconf 83' lang='grc' dir='ltr'><strong><em>βασιλέας</em></strong></span> <span class='ocrx_word' id='word_1_100' title='bbox 1220 1072 1453 1128; x_wconf 77' lang='grc' dir='ltr'><strong><em>ἑκατέρους</em></strong></span> <span class='ocrx_word' id='word_1_101' title='bbox 1473 1070 1632 1116; x_wconf 86' lang='grc' dir='ltr'><strong><em>τοσού-</em></strong></span> 
     </span>
    </p>
   </div>
   <div class='ocr_carea' id='block_1_18' title="bbox 335 1151 1687 1209">
    <p class='ocr_par' dir='ltr' id='par_1_18' title="bbox 335 1151 1687 1209">
     <span class='ocr_line' id='line_1_24' title="bbox 335 1151 1687 1209; baseline 0 -15"><span class='ocrx_word' id='word_1_102' title='bbox 335 1160 472 1204; x_wconf 70' lang='grc' dir='ltr'><strong><em>Ξτους</em></strong></span> <span class='ocrx_word' id='word_1_103' title='bbox 499 1151 777 1209; x_wconf 76' lang='grc' dir='ltr'>γενομένους.</span> <span class='ocrx_word' id='word_1_104' title='bbox 835 1153 911 1196; x_wconf 84' lang='grc' dir='ltr'>καί</span> <span class='ocrx_word' id='word_1_105' title='bbox 941 1168 1010 1196; x_wconf 85' lang='grc' dir='ltr'>τοι</span> <span class='ocrx_word' id='word_1_106' title='bbox 1049 1152 1294 1209; x_wconf 84' lang='grc' dir='ltr'><strong><em>τριηκόσιαι</em></strong></span> <span class='ocrx_word' id='word_1_107' title='bbox 1335 1151 1415 1208; x_wconf 74' lang='grc' dir='ltr'>μὲν</span> <span class='ocrx_word' id='word_1_108' title='bbox 1453 1151 1687 1207; x_wconf 76' lang='grc' dir='ltr'><em>ἀνδρῶν15</em></span> 
     </span>
    </p>
   </div>
   <div class='ocr_carea' id='block_1_19' title="bbox 310 1294 586 1304">
    <p class='ocr_par' dir='ltr' id='par_1_19' title="bbox 310 1294 586 1304">
     <span class='ocr_line' id='line_1_25' title="bbox 310 1294 586 1304; baseline 0 2002"><span class='ocrx_word' id='word_1_109' title='bbox 310 1294 586 1304; x_wconf 95' lang='lat' dir='ltr'> </span> 
     </span>
    </p>
   </div>
   <div class='ocr_carea' id='block_1_20' title="bbox 487 1381 780 1434">
    <p class='ocr_par' dir='ltr' id='par_1_20' title="bbox 487 1381 780 1434">
     <span class='ocr_line' id='line_1_26' title="bbox 487 1381 780 1434; baseline -0.007 -12"><span class='ocrx_word' id='word_1_110' title='bbox 487 1383 519 1421; x_wconf 92' lang='lat' dir='ltr'>C</span> <span class='ocrx_word' id='word_1_111' title='bbox 532 1397 553 1422; x_wconf 85' lang='lat' dir='ltr'>a</span> <span class='ocrx_word' id='word_1_112' title='bbox 564 1397 601 1434; x_wconf 91' lang='lat' dir='ltr'>p.</span> <span class='ocrx_word' id='word_1_113' title='bbox 633 1381 780 1421; x_wconf 88' lang='lat' dir='ltr'>CXLII.</span> 
     </span>
    </p>
   </div>
   <div class='ocr_carea' id='block_1_21' title="bbox 309 1461 964 1576">
    <p class='ocr_par' dir='ltr' id='par_1_21' title="bbox 309 1461 964 1576">
     <span class='ocr_line' id='line_1_27' title="bbox 364 1461 964 1520; baseline -0.003 -13"><span class='ocrx_word' id='word_1_114' title='bbox 364 1466 404 1515; x_wconf 82' lang='grc' dir='ltr'>ἔς</span> <span class='ocrx_word' id='word_1_115' title='bbox 431 1465 504 1518; x_wconf 76' lang='grc' dir='ltr'>μὲν</span> <span class='ocrx_word' id='word_1_116' title='bbox 535 1463 696 1507; x_wconf 83' lang='grc' dir='ltr'>τοσόνδε</span> <span class='ocrx_word' id='word_1_117' title='bbox 733 1468 806 1506; x_wconf 84' lang='grc' dir='ltr'>τοῦ</span> <span class='ocrx_word' id='word_1_118' title='bbox 832 1461 964 1520; x_wconf 79' lang='grc' dir='ltr'><strong><em>λόγου]</em></strong></span> 
     </span>
     <span class='ocr_line' id='line_1_28' title="bbox 309 1524 689 1576; baseline -0.003 -13"><span class='ocrx_word' id='word_1_119' title='bbox 309 1524 403 1563; x_wconf 86' lang='lat' dir='ltr'>Vide</span> <span class='ocrx_word' id='word_1_120' title='bbox 421 1537 531 1576; x_wconf 86' lang='lat' dir='ltr'>supra</span> <span class='ocrx_word' id='word_1_121' title='bbox 549 1525 604 1573; x_wconf 85' lang='lat'>11,</span> <span class='ocrx_word' id='word_1_122' title='bbox 624 1527 689 1566; x_wconf 88' lang='grc'>99.</span> 
     </span>
    </p>
   </div>
   <div class='ocr_carea' id='block_1_22' title="bbox 300 1602 966 2898">
    <p class='ocr_par' dir='ltr' id='par_1_22' title="bbox 300 1602 966 2898">
     <span class='ocr_line' id='line_1_29' title="bbox 365 1602 966 1660; baseline -0.005 -11"><span class='ocrx_word' id='word_1_123' title='bbox 365 1609 461 1660; x_wconf 86' lang='grc' dir='ltr'>μίαν</span> <span class='ocrx_word' id='word_1_124' title='bbox 492 1623 532 1648; x_wconf 82' lang='grc' dir='ltr'>τε</span> <span class='ocrx_word' id='word_1_125' title='bbox 572 1607 640 1648; x_wconf 82' lang='grc' dir='ltr'>καὶ</span> <span class='ocrx_word' id='word_1_126' title='bbox 678 1602 966 1659; x_wconf 71' lang='grc' dir='ltr'><strong><em>τεσσεράκοντα</em></strong></span> 
     </span>
     <span class='ocr_line' id='line_1_30' title="bbox 306 1661 963 1719; baseline -0.006 -13"><span class='ocrx_word' id='word_1_127' title='bbox 306 1665 375 1706; x_wconf 80' lang='grc' dir='ltr'>καὶ</span> <span class='ocrx_word' id='word_1_128' title='bbox 394 1666 624 1719; x_wconf 84' lang='grc' dir='ltr'><strong><em>τριηκοσίας</em></strong></span> <span class='ocrx_word' id='word_1_129' title='bbox 644 1661 876 1717; x_wconf 72' lang='grc' dir='ltr'>ανθρώπων</span> <span class='ocrx_word' id='word_1_130' title='bbox 897 1679 963 1716; x_wconf 77' lang='grc' dir='ltr'>γε-</span> 
     </span>
     <span class='ocr_line' id='line_1_31' title="bbox 306 1720 964 1775; baseline -0.008 -12"><span class='ocrx_word' id='word_1_131' title='bbox 306 1720 400 1769; x_wconf 77' lang='grc' dir='ltr'>νεοῖς</span> <span class='ocrx_word' id='word_1_132' title='bbox 449 1721 689 1775; x_wconf 81' lang='grc' dir='ltr'>γενομένας]</span> <span class='ocrx_word' id='word_1_133' title='bbox 751 1722 846 1773; x_wconf 86' lang='grc' dir='ltr'>μίαν</span> <span class='ocrx_word' id='word_1_134' title='bbox 884 1735 964 1759; x_wconf 88' lang='lat' dir='ltr'>cum</span> 
     </span>
     <span class='ocr_line' id='line_1_32' title="bbox 309 1779 964 1830; baseline -0.005 -12"><span class='ocrx_word' id='word_1_135' title='bbox 309 1780 519 1818; x_wconf 86' lang='lat' dir='ltr'>Gaisfordio</span> <span class='ocrx_word' id='word_1_136' title='bbox 541 1780 667 1830; x_wconf 83' lang='lat' dir='ltr'>scripsi</span> <span class='ocrx_word' id='word_1_137' title='bbox 688 1792 756 1829; x_wconf 90' lang='lat' dir='ltr'>pro</span> <span class='ocrx_word' id='word_1_138' title='bbox 778 1779 886 1829; x_wconf 88' lang='grc' dir='ltr'><em>μίην.</em></span> <span class='ocrx_word' id='word_1_139' title='bbox 908 1800 964 1806; x_wconf 84' lang='lat'>——</span> 
     </span>
     <span class='ocr_line' id='line_1_33' title="bbox 308 1835 963 1886; baseline -0.002 -12"><span class='ocrx_word' id='word_1_140' title='bbox 308 1837 420 1881; x_wconf 87' lang='lat' dir='ltr'>Quod</span> <span class='ocrx_word' id='word_1_141' title='bbox 449 1849 534 1874; x_wconf 85' lang='lat' dir='ltr'>vero</span> <span class='ocrx_word' id='word_1_142' title='bbox 559 1837 774 1873; x_wconf 90' lang='lat' dir='ltr'>Herodotus</span> <span class='ocrx_word' id='word_1_143' title='bbox 799 1835 834 1872; x_wconf 94' lang='lat' dir='ltr'>h.</span> <span class='ocrx_word' id='word_1_144' title='bbox 855 1835 878 1872; x_wconf 93' lang='lat' dir='ltr'>l.</span> <span class='ocrx_word' id='word_1_145' title='bbox 902 1848 963 1886; x_wconf 81' lang='grc' dir='ltr'>γε·</span> 
     </span>
     <span class='ocr_line' id='line_1_34' title="bbox 306 1890 965 1942; baseline -0.005 -10"><span class='ocrx_word' id='word_1_146' title='bbox 306 1890 401 1940; x_wconf 71' lang='grc' dir='ltr'>νεὰς</span> <span class='ocrx_word' id='word_1_147' title='bbox 417 1906 613 1942; x_wconf 87' lang='lat' dir='ltr'>earumque</span> <span class='ocrx_word' id='word_1_148' title='bbox 634 1893 807 1929; x_wconf 77' lang='lat' dir='ltr'>ambitum</span> <span class='ocrx_word' id='word_1_149' title='bbox 827 1892 878 1929; x_wconf 84' lang='lat' dir='ltr'>ita</span> <span class='ocrx_word' id='word_1_150' title='bbox 899 1891 965 1929; x_wconf 89' lang='lat' dir='ltr'>‹le-</span> 
     </span>
     <span class='ocr_line' id='line_1_35' title="bbox 305 1950 963 1997; baseline -0.002 -11"><span class='ocrx_word' id='word_1_151' title='bbox 305 1950 406 1997; x_wconf 79' lang='lat' dir='ltr'>finit,</span> <span class='ocrx_word' id='word_1_152' title='bbox 436 1954 478 1986; x_wconf 91' lang='lat' dir='ltr'>ut</span> <span class='ocrx_word' id='word_1_153' title='bbox 507 1954 582 1987; x_wconf 88' lang='lat' dir='ltr'>tres</span> <span class='ocrx_word' id='word_1_154' title='bbox 613 1950 834 1986; x_wconf 86' lang='lat' dir='ltr'>constituant</span> <span class='ocrx_word' id='word_1_155' title='bbox 865 1961 963 1985; x_wconf 88' lang='lat' dir='ltr'>sum-</span> 
     </span>
     <span class='ocr_line' id='line_1_36' title="bbox 305 2005 962 2054; baseline -0.006 -10"><span class='ocrx_word' id='word_1_156' title='bbox 305 2019 401 2044; x_wconf 86' lang='lat' dir='ltr'>mam</span> <span class='ocrx_word' id='word_1_157' title='bbox 424 2010 567 2043; x_wconf 86' lang='lat' dir='ltr'>centum</span> <span class='ocrx_word' id='word_1_158' title='bbox 591 2018 767 2042; x_wconf 85' lang='lat' dir='ltr'>annorum</span> <span class='ocrx_word' id='word_1_159' title='bbox 803 2005 858 2051; x_wconf 86' lang='lat' dir='ltr'>(in</span> <span class='ocrx_word' id='word_1_160' title='bbox 875 2018 962 2054; x_wconf 91' lang='lat' dir='ltr'>quo,</span> 
     </span>
     <span class='ocr_line' id='line_1_37' title="bbox 305 2060 961 2110; baseline -0.002 -11"><span class='ocrx_word' id='word_1_161' title='bbox 305 2067 399 2100; x_wconf 86' lang='lat' dir='ltr'>teste</span> <span class='ocrx_word' id='word_1_162' title='bbox 418 2062 663 2110; x_wconf 52' lang='lat' dir='ltr'>WVesselingio</span> <span class='ocrx_word' id='word_1_163' title='bbox 690 2062 736 2098; x_wconf 85' lang='lat' dir='ltr'>ad</span> <span class='ocrx_word' id='word_1_164' title='bbox 754 2061 788 2097; x_wconf 92' lang='lat' dir='ltr'>h.</span> <span class='ocrx_word' id='word_1_165' title='bbox 812 2060 848 2107; x_wconf 90' lang='lat' dir='ltr'>l.,</span> <span class='ocrx_word' id='word_1_166' title='bbox 871 2061 961 2098; x_wconf 80' lang='lat' dir='ltr'>alios</span> 
     </span>
     <span class='ocr_line' id='line_1_38' title="bbox 304 2117 960 2164; baseline -0.003 -9"><span class='ocrx_word' id='word_1_167' title='bbox 304 2123 432 2155; x_wconf 81' lang='lat' dir='ltr'>nactus</span> <span class='ocrx_word' id='word_1_168' title='bbox 462 2123 517 2155; x_wconf 91' lang='lat' dir='ltr'>est</span> <span class='ocrx_word' id='word_1_169' title='bbox 544 2118 811 2155; x_wconf 85' lang='lat' dir='ltr'>consentientes</span> <span class='ocrx_word' id='word_1_170' title='bbox 830 2146 840 2164; x_wconf 90' lang='lat'>,</span> <span class='ocrx_word' id='word_1_171' title='bbox 871 2117 960 2154; x_wconf 85' lang='lat' dir='ltr'>alios</span> 
     </span>
     <span class='ocr_line' id='line_1_39' title="bbox 305 2174 959 2221; baseline -0.002 -10"><span class='ocrx_word' id='word_1_172' title='bbox 305 2174 613 2221; x_wconf 78' lang='lat' dir='ltr'>dissentientes),</span> <span class='ocrx_word' id='word_1_173' title='bbox 658 2174 729 2210; x_wconf 89' lang='lat' dir='ltr'>hoc</span> <span class='ocrx_word' id='word_1_174' title='bbox 761 2186 836 2209; x_wconf 87' lang='lat' dir='ltr'>non</span> <span class='ocrx_word' id='word_1_175' title='bbox 870 2175 959 2210; x_wconf 89' lang='lat' dir='ltr'>satis</span> 
     </span>
     <span class='ocr_line' id='line_1_40' title="bbox 304 2229 959 2279; baseline -0.005 -11"><span class='ocrx_word' id='word_1_176' title='bbox 304 2230 472 2279; x_wconf 82' lang='lat' dir='ltr'>congruit</span> <span class='ocrx_word' id='word_1_177' title='bbox 501 2243 579 2267; x_wconf 89' lang='lat' dir='ltr'>cum</span> <span class='ocrx_word' id='word_1_178' title='bbox 608 2231 673 2277; x_wconf 89' lang='lat' dir='ltr'>iis,</span> <span class='ocrx_word' id='word_1_179' title='bbox 711 2242 805 2278; x_wconf 85' lang='lat' dir='ltr'>quae</span> <span class='ocrx_word' id='word_1_180' title='bbox 831 2229 959 2278; x_wconf 85' lang='lat' dir='ltr'>legun-</span> 
     </span>
     <span class='ocr_line' id='line_1_41' title="bbox 305 2286 959 2334; baseline -0.003 -10"><span class='ocrx_word' id='word_1_181' title='bbox 305 2292 362 2324; x_wconf 89' lang='lat' dir='ltr'>tur</span> <span class='ocrx_word' id='word_1_182' title='bbox 385 2287 420 2334; x_wconf 87' lang='lat' dir='ltr'>l,</span> <span class='ocrx_word' id='word_1_183' title='bbox 441 2290 478 2327; x_wconf 89' lang='lat'>7.</span> <span class='ocrx_word' id='word_1_184' title='bbox 531 2286 763 2334; x_wconf 79' lang='lat' dir='ltr'>Quamquam</span> <span class='ocrx_word' id='word_1_185' title='bbox 785 2287 879 2322; x_wconf 86' lang='lat' dir='ltr'>enim</span> <span class='ocrx_word' id='word_1_186' title='bbox 897 2299 959 2323; x_wconf 79' lang='lat' dir='ltr'>ve-</span> 
     </span>
     <span class='ocr_line' id='line_1_42' title="bbox 306 2342 959 2381; baseline -0.002 -1"><span class='ocrx_word' id='word_1_187' title='bbox 306 2347 401 2381; x_wconf 80' lang='lat' dir='ltr'>teres</span> <span class='ocrx_word' id='word_1_188' title='bbox 439 2343 526 2380; x_wconf 84' lang='lat' dir='ltr'>inde</span> <span class='ocrx_word' id='word_1_189' title='bbox 558 2343 602 2378; x_wconf 89' lang='lat' dir='ltr'>ab</span> <span class='ocrx_word' id='word_1_190' title='bbox 629 2342 811 2378; x_wconf 81' lang='lat' dir='ltr'>Herodoti</span> <span class='ocrx_word' id='word_1_191' title='bbox 838 2347 959 2380; x_wconf 83' lang='lat' dir='ltr'>aetate</span> 
     </span>
     <span class='ocr_line' id='line_1_43' title="bbox 306 2398 958 2448; baseline -0.006 -11"><span class='ocrx_word' id='word_1_192' title='bbox 306 2403 451 2437; x_wconf 88' lang='lat' dir='ltr'>centum</span> <span class='ocrx_word' id='word_1_193' title='bbox 471 2411 649 2435; x_wconf 87' lang='lat' dir='ltr'>annorum</span> <span class='ocrx_word' id='word_1_194' title='bbox 667 2398 823 2448; x_wconf 85' lang='lat' dir='ltr'>spatium</span> <span class='ocrx_word' id='word_1_195' title='bbox 843 2398 958 2434; x_wconf 90' lang='lat' dir='ltr'>tribus</span> 
     </span>
     <span class='ocr_line' id='line_1_44' title="bbox 305 2453 957 2508; baseline -0.008 -13"><span class='ocrx_word' id='word_1_196' title='bbox 305 2458 459 2508; x_wconf 80' lang='grc' dir='ltr'>γενεαῖς</span> <span class='ocrx_word' id='word_1_197' title='bbox 475 2455 687 2504; x_wconf 87' lang='lat' dir='ltr'>plerumque</span> <span class='ocrx_word' id='word_1_198' title='bbox 711 2453 957 2500; x_wconf 73' lang='lat' dir='ltr'>absolverunt,</span> 
     </span>
     <span class='ocr_line' id='line_1_45' title="bbox 304 2510 958 2560; baseline -0.003 -11"><span class='ocrx_word' id='word_1_199' title='bbox 304 2513 341 2549; x_wconf 92' lang='lat' dir='ltr'>in</span> <span class='ocrx_word' id='word_1_200' title='bbox 368 2512 517 2560; x_wconf 82' lang='lat' dir='ltr'>singulis</span> <span class='ocrx_word' id='word_1_201' title='bbox 551 2515 675 2548; x_wconf 88' lang='lat' dir='ltr'>tamen</span> <span class='ocrx_word' id='word_1_202' title='bbox 701 2510 789 2547; x_wconf 89' lang='lat' dir='ltr'>illud</span> <span class='ocrx_word' id='word_1_203' title='bbox 813 2511 869 2546; x_wconf 72' lang='lat' dir='ltr'>vix</span> <span class='ocrx_word' id='word_1_204' title='bbox 898 2523 958 2547; x_wconf 87' lang='lat' dir='ltr'>ac-</span> 
     </span>
     <span class='ocr_line' id='line_1_46' title="bbox 303 2566 957 2613; baseline -0.003 -7"><span class='ocrx_word' id='word_1_205' title='bbox 303 2573 426 2606; x_wconf 90' lang='lat' dir='ltr'>curate</span> <span class='ocrx_word' id='word_1_206' title='bbox 473 2568 712 2605; x_wconf 75' lang='lat' dir='ltr'>observarunt</span> <span class='ocrx_word' id='word_1_207' title='bbox 732 2595 743 2613; x_wconf 92' lang='lat'>,</span> <span class='ocrx_word' id='word_1_208' title='bbox 793 2571 832 2603; x_wconf 87' lang='lat' dir='ltr'>ut</span> <span class='ocrx_word' id='word_1_209' title='bbox 864 2566 957 2604; x_wconf 87' lang='lat' dir='ltr'>bene</span> 
     </span>
     <span class='ocr_line' id='line_1_47' title="bbox 300 2622 956 2672; baseline -0.003 -11"><span class='ocrx_word' id='word_1_210' title='bbox 300 2629 406 2662; x_wconf 79' lang='lat' dir='ltr'>notat</span> <span class='ocrx_word' id='word_1_211' title='bbox 432 2624 561 2661; x_wconf 82' lang='lat' dir='ltr'>Ukert.</span> <span class='ocrx_word' id='word_1_212' title='bbox 589 2624 728 2672; x_wconf 83' lang='lat' dir='ltr'>Geogr.</span> <span class='ocrx_word' id='word_1_213' title='bbox 757 2622 792 2659; x_wconf 89' lang='lat' dir='ltr'>d.</span> <span class='ocrx_word' id='word_1_214' title='bbox 825 2622 889 2659; x_wconf 91' lang='lat' dir='ltr'>Gr.</span> <span class='ocrx_word' id='word_1_215' title='bbox 922 2637 956 2659; x_wconf 92' lang='lat' dir='ltr'>u.</span> 
     </span>
     <span class='ocr_line' id='line_1_48' title="bbox 303 2678 956 2730; baseline -0.008 -11"><span class='ocrx_word' id='word_1_216' title='bbox 303 2682 411 2719; x_wconf 70' lang='lat' dir='ltr'>Rom.</span> <span class='ocrx_word' id='word_1_217' title='bbox 441 2680 480 2727; x_wconf 90' lang='grc' dir='ltr'>Ι,</span> <span class='ocrx_word' id='word_1_218' title='bbox 513 2684 539 2721; x_wconf 82' lang='lat'><strong>2</strong></span> <span class='ocrx_word' id='word_1_219' title='bbox 570 2693 655 2730; x_wconf 83' lang='lat' dir='ltr'>pag.</span> <span class='ocrx_word' id='word_1_220' title='bbox 673 2683 738 2720; x_wconf 77' lang='lat'>72.</span> <span class='ocrx_word' id='word_1_221' title='bbox 795 2678 842 2715; x_wconf 86' lang='lat' dir='ltr'>Et</span> <span class='ocrx_word' id='word_1_222' title='bbox 872 2678 956 2715; x_wconf 85' lang='lat' dir='ltr'>alibi</span> 
     </span>
     <span class='ocr_line' id='line_1_49' title="bbox 305 2735 955 2787; baseline -0.005 -13"><span class='ocrx_word' id='word_1_223' title='bbox 305 2750 476 2787; x_wconf 89' lang='lat' dir='ltr'>quoque,</span> <span class='ocrx_word' id='word_1_224' title='bbox 507 2737 726 2773; x_wconf 67' lang='lat' dir='ltr'>observante</span> <span class='ocrx_word' id='word_1_225' title='bbox 756 2735 955 2772; x_wconf 83' lang='lat' dir='ltr'>Wesselin-</span> 
     </span>
     <span class='ocr_line' id='line_1_50' title="bbox 303 2791 956 2843; baseline -0.003 -13"><span class='ocrx_word' id='word_1_226' title='bbox 303 2794 364 2843; x_wconf 85' lang='lat' dir='ltr'>gio</span> <span class='ocrx_word' id='word_1_227' title='bbox 385 2793 433 2830; x_wconf 89' lang='lat' dir='ltr'>ad</span> <span class='ocrx_word' id='word_1_228' title='bbox 453 2793 487 2829; x_wconf 95' lang='lat' dir='ltr'>h.</span> <span class='ocrx_word' id='word_1_229' title='bbox 511 2792 548 2838; x_wconf 89' lang='lat' dir='ltr'>l.,</span> <span class='ocrx_word' id='word_1_230' title='bbox 578 2792 789 2829; x_wconf 84' lang='lat' dir='ltr'>Herodotus</span> <span class='ocrx_word' id='word_1_231' title='bbox 819 2791 866 2828; x_wconf 87' lang='lat' dir='ltr'>de</span> <span class='ocrx_word' id='word_1_232' title='bbox 884 2793 956 2828; x_wconf 74' lang='lat' dir='ltr'>sin-</span> 
     </span>
     <span class='ocr_line' id='line_1_51' title="bbox 302 2847 955 2898; baseline -0.003 -12"><span class='ocrx_word' id='word_1_233' title='bbox 302 2849 399 2898; x_wconf 79' lang='lat' dir='ltr'>gulis</span> <span class='ocrx_word' id='word_1_234' title='bbox 418 2849 611 2886; x_wconf 74' lang='lat' dir='ltr'>hominibus</span> <span class='ocrx_word' id='word_1_235' title='bbox 632 2849 708 2886; x_wconf 82' lang='lat' dir='ltr'>sive</span> <span class='ocrx_word' id='word_1_236' title='bbox 718 2847 858 2898; x_wconf 76' lang='lat' dir='ltr'>regibus</span> <span class='ocrx_word' id='word_1_237' title='bbox 878 2848 955 2885; x_wconf 88' lang='lat' dir='ltr'>sine</span> 
     </span>
    </p>
   </div>
   <div class='ocr_carea' id='block_1_23' title="bbox 1024 1381 1688 2898">
    <p class='ocr_par' dir='ltr' id='par_1_23' title="bbox 1024 1381 1688 2898">
     <span class='ocr_line' id='line_1_52' title="bbox 1032 1381 1688 1433; baseline 0 -14"><span class='ocrx_word' id='word_1_238' title='bbox 1032 1381 1104 1420; x_wconf 89' lang='lat' dir='ltr'>ulla</span> <span class='ocrx_word' id='word_1_239' title='bbox 1155 1382 1248 1420; x_wconf 83' lang='lat' dir='ltr'>finiti</span> <span class='ocrx_word' id='word_1_240' title='bbox 1283 1382 1455 1433; x_wconf 85' lang='lat' dir='ltr'>temporis</span> <span class='ocrx_word' id='word_1_241' title='bbox 1498 1381 1688 1419; x_wconf 81' lang='lat' dir='ltr'>notatione</span> 
     </span>
     <span class='ocr_line' id='line_1_53' title="bbox 1033 1438 1686 1486; baseline -0.005 -11"><span class='ocrx_word' id='word_1_242' title='bbox 1033 1452 1159 1476; x_wconf 81' lang='lat' dir='ltr'>vocem</span> <span class='ocrx_word' id='word_1_243' title='bbox 1177 1439 1344 1486; x_wconf 84' lang='lat' dir='ltr'>adhibet,</span> <span class='ocrx_word' id='word_1_244' title='bbox 1384 1438 1495 1476; x_wconf 83' lang='lat' dir='ltr'>veluti</span> <span class='ocrx_word' id='word_1_245' title='bbox 1522 1438 1589 1485; x_wconf 83' lang='lat' dir='ltr'>Vl,</span> <span class='ocrx_word' id='word_1_246' title='bbox 1621 1439 1686 1479; x_wconf 87' lang='lat'>98.</span> 
     </span>
     <span class='ocr_line' id='line_1_54' title="bbox 1034 1495 1688 1545; baseline 0 -14"><span class='ocrx_word' id='word_1_247' title='bbox 1034 1496 1156 1539; x_wconf 86' lang='lat' dir='ltr'>Quam</span> <span class='ocrx_word' id='word_1_248' title='bbox 1191 1496 1425 1545; x_wconf 86' lang='lat' dir='ltr'>Wesselingii</span> <span class='ocrx_word' id='word_1_249' title='bbox 1464 1495 1688 1532; x_wconf 81' lang='lat' dir='ltr'>observatio-</span> 
     </span>
     <span class='ocr_line' id='line_1_55' title="bbox 1033 1551 1686 1602; baseline -0.002 -13"><span class='ocrx_word' id='word_1_250' title='bbox 1033 1564 1117 1590; x_wconf 87' lang='lat' dir='ltr'>nem</span> <span class='ocrx_word' id='word_1_251' title='bbox 1139 1552 1189 1589; x_wconf 87' lang='lat' dir='ltr'>ita</span> <span class='ocrx_word' id='word_1_252' title='bbox 1220 1565 1336 1602; x_wconf 81' lang='lat' dir='ltr'>nuper</span> <span class='ocrx_word' id='word_1_253' title='bbox 1362 1552 1531 1602; x_wconf 75' lang='lat' dir='ltr'>probavit</span> <span class='ocrx_word' id='word_1_254' title='bbox 1547 1551 1686 1588; x_wconf 89' lang='lat' dir='ltr'>Gesen.</span> 
     </span>
     <span class='ocr_line' id='line_1_56' title="bbox 1034 1601 1686 1658; baseline 0.006 -14"><span class='ocrx_word' id='word_1_255' title='bbox 1034 1609 1102 1656; x_wconf 87' lang='lat' dir='ltr'>(ad</span> <span class='ocrx_word' id='word_1_256' title='bbox 1129 1608 1232 1645; x_wconf 88' lang='lat' dir='ltr'>Iesai.</span> <span class='ocrx_word' id='word_1_257' title='bbox 1258 1608 1371 1656; x_wconf 87' lang='lat' dir='ltr'>XIX,</span> <span class='ocrx_word' id='word_1_258' title='bbox 1394 1611 1443 1648; x_wconf 86' lang='lat'>11</span> <span class='ocrx_word' id='word_1_259' title='bbox 1474 1620 1561 1658; x_wconf 84' lang='lat' dir='ltr'>pag.</span> <span class='ocrx_word' id='word_1_260' title='bbox 1583 1601 1686 1655; x_wconf 83' lang='lat'>620)</span> 
     </span>
     <span class='ocr_line' id='line_1_57' title="bbox 1034 1660 1685 1717; baseline 0 -15"><span class='ocrx_word' id='word_1_261' title='bbox 1034 1677 1056 1702; x_wconf 87' lang='lat' dir='ltr'>a</span> <span class='ocrx_word' id='word_1_262' title='bbox 1078 1664 1140 1702; x_wconf 81' lang='lat' dir='ltr'>Cr.</span> <span class='ocrx_word' id='word_1_263' title='bbox 1162 1665 1353 1711; x_wconf 86' lang='lat' dir='ltr'>laudatus,</span> <span class='ocrx_word' id='word_1_264' title='bbox 1383 1668 1425 1701; x_wconf 89' lang='lat' dir='ltr'>ut</span> <span class='ocrx_word' id='word_1_265' title='bbox 1443 1664 1478 1701; x_wconf 91' lang='lat' dir='ltr'>h.</span> <span class='ocrx_word' id='word_1_266' title='bbox 1502 1664 1524 1701; x_wconf 93' lang='lat' dir='ltr'>l.</span> <span class='ocrx_word' id='word_1_267' title='bbox 1544 1660 1685 1717; x_wconf 74' lang='grc' dir='ltr'><em>γενεὰν</em></span> 
     </span>
     <span class='ocr_line' id='line_1_58' title="bbox 1033 1721 1685 1770; baseline -0.002 -12"><span class='ocrx_word' id='word_1_268' title='bbox 1033 1722 1236 1759; x_wconf 87' lang='lat' dir='ltr'>necessario</span> <span class='ocrx_word' id='word_1_269' title='bbox 1257 1722 1303 1759; x_wconf 90' lang='lat' dir='ltr'>de</span> <span class='ocrx_word' id='word_1_270' title='bbox 1322 1722 1424 1758; x_wconf 89' lang='lat' dir='ltr'>unius</span> <span class='ocrx_word' id='word_1_271' title='bbox 1444 1721 1540 1770; x_wconf 87' lang='lat' dir='ltr'>regis</span> <span class='ocrx_word' id='word_1_272' title='bbox 1568 1733 1685 1769; x_wconf 83' lang='lat' dir='ltr'>regno</span> 
     </span>
     <span class='ocr_line' id='line_1_59' title="bbox 1032 1778 1686 1829; baseline 0 -14"><span class='ocrx_word' id='word_1_273' title='bbox 1032 1778 1145 1829; x_wconf 86' lang='lat' dir='ltr'>accipi</span> <span class='ocrx_word' id='word_1_274' title='bbox 1162 1782 1320 1826; x_wconf 80' lang='lat' dir='ltr'>statuat,</span> <span class='ocrx_word' id='word_1_275' title='bbox 1350 1791 1431 1815; x_wconf 89' lang='lat' dir='ltr'>cum</span> <span class='ocrx_word' id='word_1_276' title='bbox 1446 1778 1602 1815; x_wconf 88' lang='lat' dir='ltr'>totidem</span> <span class='ocrx_word' id='word_1_277' title='bbox 1627 1790 1686 1815; x_wconf 87' lang='lat' dir='ltr'>re-</span> 
     </span>
     <span class='ocr_line' id='line_1_60' title="bbox 1032 1832 1684 1887; baseline -0.003 -15"><span class='ocrx_word' id='word_1_278' title='bbox 1032 1848 1120 1883; x_wconf 88' lang='lat' dir='ltr'>ges,</span> <span class='ocrx_word' id='word_1_279' title='bbox 1161 1840 1251 1884; x_wconf 91' lang='lat' dir='ltr'>qnot</span> <span class='ocrx_word' id='word_1_280' title='bbox 1278 1832 1432 1887; x_wconf 79' lang='grc' dir='ltr'>γενεαὶ,</span> <span class='ocrx_word' id='word_1_281' title='bbox 1471 1834 1684 1871; x_wconf 89' lang='lat' dir='ltr'>indicentur.</span> 
     </span>
     <span class='ocr_line' id='line_1_61' title="bbox 1031 1891 1686 1940; baseline 0.002 -13"><span class='ocrx_word' id='word_1_282' title='bbox 1031 1891 1144 1928; x_wconf 89' lang='lat' dir='ltr'>Unde</span> <span class='ocrx_word' id='word_1_283' title='bbox 1165 1893 1346 1940; x_wconf 81' lang='lat' dir='ltr'>sequitur,</span> <span class='ocrx_word' id='word_1_284' title='bbox 1376 1891 1493 1928; x_wconf 89' lang='lat' dir='ltr'>minus</span> <span class='ocrx_word' id='word_1_285' title='bbox 1520 1894 1686 1928; x_wconf 82' lang='lat' dir='ltr'>accurate</span> 
     </span>
     <span class='ocr_line' id='line_1_62' title="bbox 1030 1946 1684 1985; baseline -0.002 -1"><span class='ocrx_word' id='word_1_286' title='bbox 1030 1960 1208 1984; x_wconf 88' lang='lat' dir='ltr'>annorum</span> <span class='ocrx_word' id='word_1_287' title='bbox 1222 1952 1356 1985; x_wconf 86' lang='lat' dir='ltr'>certam</span> <span class='ocrx_word' id='word_1_288' title='bbox 1379 1960 1554 1985; x_wconf 86' lang='lat' dir='ltr'>summam</span> <span class='ocrx_word' id='word_1_289' title='bbox 1571 1959 1614 1984; x_wconf 88' lang='lat' dir='ltr'>ex</span> <span class='ocrx_word' id='word_1_290' title='bbox 1628 1946 1684 1983; x_wconf 90' lang='lat' dir='ltr'>his</span> 
     </span>
     <span class='ocr_line' id='line_1_63' title="bbox 1029 2003 1685 2055; baseline -0.005 -14"><span class='ocrx_word' id='word_1_291' title='bbox 1029 2005 1200 2041; x_wconf 89' lang='lat' dir='ltr'>constitui</span> <span class='ocrx_word' id='word_1_292' title='bbox 1244 2018 1365 2055; x_wconf 90' lang='lat' dir='ltr'>posse.</span> <span class='ocrx_word' id='word_1_293' title='bbox 1425 2004 1509 2048; x_wconf 89' lang='lat' dir='ltr'>Quo</span> <span class='ocrx_word' id='word_1_294' title='bbox 1545 2003 1685 2041; x_wconf 84' lang='lat' dir='ltr'>accedit</span> 
     </span>
     <span class='ocr_line' id='line_1_64' title="bbox 1027 2060 1685 2110; baseline -0.002 -14"><span class='ocrx_word' id='word_1_295' title='bbox 1027 2060 1138 2108; x_wconf 91' lang='lat' dir='ltr'>illud,</span> <span class='ocrx_word' id='word_1_296' title='bbox 1171 2061 1270 2110; x_wconf 92' lang='lat' dir='ltr'>quod</span> <span class='ocrx_word' id='word_1_297' title='bbox 1295 2074 1401 2110; x_wconf 82' lang='lat' dir='ltr'>reges</span> <span class='ocrx_word' id='word_1_298' title='bbox 1420 2060 1468 2097; x_wconf 87' lang='lat' dir='ltr'>illi</span> <span class='ocrx_word' id='word_1_299' title='bbox 1495 2060 1543 2097; x_wconf 85' lang='lat' dir='ltr'>ad</span> <span class='ocrx_word' id='word_1_300' title='bbox 1566 2060 1685 2096; x_wconf 79' lang='lat' dir='ltr'>diver-</span> 
     </span>
     <span class='ocr_line' id='line_1_65' title="bbox 1028 2117 1683 2168; baseline -0.002 -15"><span class='ocrx_word' id='word_1_301' title='bbox 1028 2129 1086 2154; x_wconf 87' lang='lat' dir='ltr'>sas</span> <span class='ocrx_word' id='word_1_302' title='bbox 1107 2118 1293 2165; x_wconf 78' lang='lat' dir='ltr'>dynastias</span> <span class='ocrx_word' id='word_1_303' title='bbox 1323 2118 1508 2168; x_wconf 86' lang='lat' dir='ltr'>pertinere</span> <span class='ocrx_word' id='word_1_304' title='bbox 1533 2117 1683 2153; x_wconf 84' lang='lat' dir='ltr'>videan-</span> 
     </span>
     <span class='ocr_line' id='line_1_66' title="bbox 1027 2173 1682 2223; baseline -0.003 -13"><span class='ocrx_word' id='word_1_305' title='bbox 1027 2177 1086 2210; x_wconf 83' lang='lat' dir='ltr'>tur</span> <span class='ocrx_word' id='word_1_306' title='bbox 1102 2187 1168 2211; x_wconf 91' lang='lat' dir='ltr'>nec</span> <span class='ocrx_word' id='word_1_307' title='bbox 1185 2174 1315 2223; x_wconf 65' lang='lat' dir='ltr'>singuli</span> <span class='ocrx_word' id='word_1_308' title='bbox 1329 2174 1490 2222; x_wconf 82' lang='lat' dir='ltr'>singulos</span> <span class='ocrx_word' id='word_1_309' title='bbox 1511 2173 1682 2222; x_wconf 86' lang='lat' dir='ltr'>deinceps</span> 
     </span>
     <span class='ocr_line' id='line_1_67' title="bbox 1028 2230 1683 2280; baseline -0.005 -14"><span class='ocrx_word' id='word_1_310' title='bbox 1028 2230 1255 2280; x_wconf 82' lang='lat' dir='ltr'>exceperint,</span> <span class='ocrx_word' id='word_1_311' title='bbox 1295 2231 1361 2267; x_wconf 84' lang='lat' dir='ltr'>sed</span> <span class='ocrx_word' id='word_1_312' title='bbox 1392 2241 1562 2278; x_wconf 85' lang='lat' dir='ltr'>magnam</span> <span class='ocrx_word' id='word_1_313' title='bbox 1596 2240 1683 2277; x_wconf 85' lang='lat' dir='ltr'>par-</span> 
     </span>
     <span class='ocr_line' id='line_1_68' title="bbox 1027 2284 1684 2334; baseline 0 -13"><span class='ocrx_word' id='word_1_314' title='bbox 1027 2290 1100 2322; x_wconf 86' lang='lat' dir='ltr'>tem</span> <span class='ocrx_word' id='word_1_315' title='bbox 1139 2285 1309 2334; x_wconf 87' lang='lat' dir='ltr'>aequales</span> <span class='ocrx_word' id='word_1_316' title='bbox 1348 2286 1417 2322; x_wconf 86' lang='lat' dir='ltr'>sibi</span> <span class='ocrx_word' id='word_1_317' title='bbox 1451 2284 1684 2333; x_wconf 77' lang='lat' dir='ltr'>regnaverint</span> 
     </span>
     <span class='ocr_line' id='line_1_69' title="bbox 1027 2340 1681 2390; baseline 0 -13"><span class='ocrx_word' id='word_1_318' title='bbox 1027 2342 1178 2378; x_wconf 83' lang='lat' dir='ltr'>diversis</span> <span class='ocrx_word' id='word_1_319' title='bbox 1197 2342 1232 2377; x_wconf 92' lang='lat' dir='ltr'>in</span> <span class='ocrx_word' id='word_1_320' title='bbox 1243 2346 1361 2378; x_wconf 89' lang='lat' dir='ltr'>terrae</span> <span class='ocrx_word' id='word_1_321' title='bbox 1373 2342 1545 2390; x_wconf 84' lang='lat' dir='ltr'>partibus.</span> <span class='ocrx_word' id='word_1_322' title='bbox 1574 2340 1681 2383; x_wconf 85' lang='lat' dir='ltr'>Quae</span> 
     </span>
     <span class='ocr_line' id='line_1_70' title="bbox 1027 2397 1680 2447; baseline 0 -13"><span class='ocrx_word' id='word_1_323' title='bbox 1027 2398 1057 2434; x_wconf 87' lang='lat' dir='ltr'>si</span> <span class='ocrx_word' id='word_1_324' title='bbox 1079 2398 1305 2447; x_wconf 72' lang='lat' dir='ltr'>reputaveris</span> <span class='ocrx_word' id='word_1_325' title='bbox 1341 2397 1439 2434; x_wconf 83' lang='lat' dir='ltr'>haud</span> <span class='ocrx_word' id='word_1_326' title='bbox 1466 2397 1518 2434; x_wconf 83' lang='lat' dir='ltr'>ita</span> <span class='ocrx_word' id='word_1_327' title='bbox 1549 2397 1680 2434; x_wconf 87' lang='lat' dir='ltr'>nimius</span> 
     </span>
     <span class='ocr_line' id='line_1_71' title="bbox 1024 2454 1680 2490; baseline 0.002 -1"><span class='ocrx_word' id='word_1_328' title='bbox 1024 2454 1207 2490; x_wconf 72' lang='lat' dir='ltr'>videbitur</span> <span class='ocrx_word' id='word_1_329' title='bbox 1226 2466 1402 2490; x_wconf 87' lang='lat' dir='ltr'>annorum</span> <span class='ocrx_word' id='word_1_330' title='bbox 1432 2466 1601 2490; x_wconf 88' lang='lat' dir='ltr'>numerus</span> <span class='ocrx_word' id='word_1_331' title='bbox 1631 2454 1680 2490; x_wconf 85' lang='lat' dir='ltr'>ab</span> 
     </span>
     <span class='ocr_line' id='line_1_72' title="bbox 1024 2510 1681 2559; baseline 0.002 -13"><span class='ocrx_word' id='word_1_332' title='bbox 1024 2510 1217 2546; x_wconf 86' lang='lat' dir='ltr'>Herodoto</span> <span class='ocrx_word' id='word_1_333' title='bbox 1256 2510 1435 2559; x_wconf 86' lang='lat' dir='ltr'>proditus.</span> <span class='ocrx_word' id='word_1_334' title='bbox 1507 2510 1587 2547; x_wconf 93' lang='lat' dir='ltr'>Nec</span> <span class='ocrx_word' id='word_1_335' title='bbox 1615 2510 1681 2547; x_wconf 89' lang='lat' dir='ltr'>de-</span> 
     </span>
     <span class='ocr_line' id='line_1_73' title="bbox 1026 2565 1680 2616; baseline 0.002 -15"><span class='ocrx_word' id='word_1_336' title='bbox 1026 2570 1111 2602; x_wconf 89' lang='lat' dir='ltr'>sunt</span> <span class='ocrx_word' id='word_1_337' title='bbox 1131 2565 1263 2602; x_wconf 76' lang='lat' dir='ltr'>sir‘niles</span> <span class='ocrx_word' id='word_1_338' title='bbox 1284 2565 1435 2602; x_wconf 89' lang='lat' dir='ltr'>aliorum</span> <span class='ocrx_word' id='word_1_339' title='bbox 1463 2567 1680 2616; x_wconf 86' lang='lat' dir='ltr'>scriptorum</span> 
     </span>
     <span class='ocr_line' id='line_1_74' title="bbox 1024 2622 1681 2670; baseline 0.002 -13"><span class='ocrx_word' id='word_1_340' title='bbox 1024 2622 1187 2668; x_wconf 85' lang='lat' dir='ltr'>numeri,</span> <span class='ocrx_word' id='word_1_341' title='bbox 1221 2635 1311 2670; x_wconf 91' lang='lat' dir='ltr'>quos</span> <span class='ocrx_word' id='word_1_342' title='bbox 1340 2622 1395 2658; x_wconf 73' lang='lat' dir='ltr'>vel</span> <span class='ocrx_word' id='word_1_343' title='bbox 1438 2623 1486 2658; x_wconf 90' lang='lat' dir='ltr'>ad</span> <span class='ocrx_word' id='word_1_344' title='bbox 1514 2628 1681 2659; x_wconf 84' lang='lat' dir='ltr'>astrono-</span> 
     </span>
     <span class='ocr_line' id='line_1_75' title="bbox 1024 2677 1679 2727; baseline 0.003 -14"><span class='ocrx_word' id='word_1_345' title='bbox 1024 2679 1132 2714; x_wconf 87' lang='lat' dir='ltr'>miam</span> <span class='ocrx_word' id='word_1_346' title='bbox 1154 2677 1209 2714; x_wconf 86' lang='lat' dir='ltr'>vel</span> <span class='ocrx_word' id='word_1_347' title='bbox 1237 2679 1283 2713; x_wconf 83' lang='lat' dir='ltr'>ad</span> <span class='ocrx_word' id='word_1_348' title='bbox 1303 2678 1444 2726; x_wconf 73' lang='lat' dir='ltr'>mythos</span> <span class='ocrx_word' id='word_1_349' title='bbox 1464 2678 1679 2727; x_wconf 80' lang='lat' dir='ltr'>fabulasque</span> 
     </span>
     <span class='ocr_line' id='line_1_76' title="bbox 1024 2733 1678 2771; baseline 0.002 -1"><span class='ocrx_word' id='word_1_350' title='bbox 1024 2734 1155 2771; x_wconf 84' lang='lat' dir='ltr'>relatos</span> <span class='ocrx_word' id='word_1_351' title='bbox 1188 2733 1322 2770; x_wconf 79' lang='lat' dir='ltr'>volunt.</span> <span class='ocrx_word' id='word_1_352' title='bbox 1394 2735 1530 2771; x_wconf 88' lang='lat' dir='ltr'>Conser</span> <span class='ocrx_word' id='word_1_353' title='bbox 1566 2735 1678 2771; x_wconf 68' lang='lat' dir='ltr'>Beck.</span> 
     </span>
     <span class='ocr_line' id='line_1_77' title="bbox 1025 2789 1677 2841; baseline -0.002 -14"><span class='ocrx_word' id='word_1_354' title='bbox 1025 2789 1249 2838; x_wconf 75' lang='lat' dir='ltr'>weltgesch.</span> <span class='ocrx_word' id='word_1_355' title='bbox 1279 2791 1293 2827; x_wconf 97' lang='lat' dir='ltr'>l</span> <span class='ocrx_word' id='word_1_356' title='bbox 1327 2803 1362 2841; x_wconf 86' lang='lat' dir='ltr'>p.</span> <span class='ocrx_word' id='word_1_357' title='bbox 1382 2791 1485 2837; x_wconf 78' lang='lat'>294,</span> <span class='ocrx_word' id='word_1_358' title='bbox 1526 2791 1586 2828; x_wconf 85' lang='lat' dir='ltr'>ubi</span> <span class='ocrx_word' id='word_1_359' title='bbox 1606 2790 1677 2827; x_wconf 81' lang='lat' dir='ltr'>vid.</span> 
     </span>
     <span class='ocr_line' id='line_1_78' title="bbox 1025 2846 1139 2898; baseline -0.009 -15"><span class='ocrx_word' id='word_1_360' title='bbox 1025 2846 1139 2898; x_wconf 82' lang='lat' dir='ltr'>plura.</span> 
     </span>
    </p>
   </div>
  </div>
 </body>
</html>
