1759 3324
49 844 145 891 124
169 844 382 894 παρεῖναι.

657 250 961 290 cL10.1.

1355 253 1440 295 295

175 365 280 423 εἶχε,
324 363 439 410 οὕτω
468 359 646 418 ἐσέθηκε
675 362 872 418 βιβλίον,
920 358 1095 416 γράψας
1122 359 1176 404 τοί
1205 361 1251 404 υἱ
1278 360 1434 406 ἐδόκεε.

145 441 438 500 ὅοῖποῤῥάψας
467 442 512 485 δὲ
541 444 622 484 τοῦ
657 444 796 496 λαγοῦ
825 439 905 497 τὴν
934 439 1143 495 γαστέρα,
1180 440 1255 484 καὶ
1284 441 1438 484 δίκτυα

174 523 296 575 δοὺς,
346 519 419 564 ἅτε
446 523 662 577 θηρευτῇ,
710 523 799 563 τῶν
840 519 1041 564 οἰκετέων
1071 523 1132 577 τῷ
1169 519 1436 578 πιστοτάτῳ,

172 602 389 647 ἀπέστειλε
429 599 473 651 εἷς
512 599 615 650 τοὺς
657 600 846 654 Πέρσας·

907 598 1205 655 ἐντειλάμενός
1254 600 1298 642 οἱ
1346 597 1462 642 α’πόΙ

169 679 388 738 γλώσσης,
421 678 601 723 διδόντα
630 678 710 722 τόν
742 678 880 735 λαγὸν
908 678 1046 736 Κύρῳ
1069 678 1280 732 ἐπειπεῖν,
1312 677 1436 722 αὐτο-

168 761 304 818 χειρίῃ
336 777 411 816 μιν
451 762 608 802 διελεῖν
620 793 632 811 ,

690 760 762 803 καὶ
798 759 964 815 μηδένα
1002 760 1047 804 οἱ
1073 762 1210 802 ταῦτα
1239 761 1437 803 ποιεῦντι

450 842 597 882 Ταῦτα
633 838 678 882 δὲ
718 837 771 895 δή
804 833 866 882 ὦν
904 838 1097 883 ἐπιτελέα
1131 838 1315 895 ἐγίνετο·
1362 838 1437 882 καὶ

139 918 196 964 Ξὸ
226 922 377 974 Κῦρος
415 917 685 974 παραλαβών
714 918 791 962 τὸν
819 917 955 974 λαγὸν
984 917 1194 974 ἀνέσχισε.
1226 916 1368 974 εὑρών
1386 917 1464 962 δὲ5

170 1000 218 1044 ἐν
248 997 366 1054 αὐτῷ
393 998 443 1041 τὸ
473 999 645 1055 βιβλίον
676 997 818 1049 ἐνεὸν,
859 995 1007 1054 λαβών
1037 997 1272 1054 ἐπελέγετο.
1303 995 1356 1041 τοὶ
1385 996 1434 1041 δὲ

167 1076 399 1135 γράμματα
428 1077 541 1133 ἔλεγε
567 1077 689 1121 τάδε·
741 1072 825 1130 „³520
854 1082 937 1121 παῖ
963 1075 1237 1134 Καμβύσεω,
1275 1076 1321 1120 σε
1349 1075 1434 1132 γάρ

169 1159 302 1211 ,,θεοὶ
333 1155 568 1212 ἐπορέωσι·
622 1155 678 1201 οὐ
706 1157 791 1213 γάρ
823 1156 879 1200 ἄν
916 1172 1016 1201 κοτε
1044 1156 1091 1208 εἷς
1116 1160 1334 1201 τοσοῦτον
1361 1154 1434 1200 τύ-

140 1235 479 1295 3,,χηςᾶπίκευ.
539 1236 595 1280 σὺ
632 1241 716 1282 νῦν
750 1235 984 1293 Ἀστυάγεα
1011 1234 1090 1280 τὸν
1131 1239 1327 1280 σεωυτοῦ
1356 1252 1434 1292 φα

169 1317 284 1371 ,,νέα
313 1318 440 1360 τίσαι.
492 1316 603 1361 κατὰ
633 1317 713 1373 μὲν
741 1315 825 1373 γὰρ
868 1315 950 1373 τήν
988 1313 1150 1359 τούτου
1179 1316 1492 1371 προθυμίηνῙΟ

169 1396 442 1452 ,,τέθνηκας·
492 1397 542 1440 τό
572 1397 618 1441 δὲ
647 1396 755 1440 κατὰ
795 1394 932 1447 θεούς
967 1410 1014 1440 τε
1051 1396 1126 1439 καὶ
1155 1394 1228 1452 ἐμὲ
1257 1394 1432 1450 περίεις.

139 1473 258 1528 4,,τά
288 1487 334 1519 σε
363 1476 438 1520 καὶ
464 1474 600 1521 πάλαι
630 1475 767 1521 δοκέω
796 1474 940 1520 πάντα
969 1475 1313 1534 ἐκμεμαθηκέναι
1323 1507 1334 1530 ,
1359 1473 1434 1520 σέο

65 1701 78 1710 .
109 1676 272 1710 ventrem
290 1672 409 1719 scidit,
435 1671 593 1723 nihilque
606 1672 763 1723 pilorum

113 1728 261 1777 vellens,
291 1732 400 1779 prout
428 1734 528 1777 erat,
557 1729 607 1766 ita
631 1729 765 1767 indidit

109 1785 278 1824 libellum.
291 1787 318 1806 “
364 1785 420 1822 lta
434 1799 509 1822 non
528 1799 621 1836 opus
643 1785 767 1835 legere

111 1836 139 1880 οἷ
157 1855 187 1880 π
205 1856 226 1881 ο
244 1856 265 1879 τ
285 1856 301 1881 ε
321 1841 336 1880 ι’
353 1844 375 1880 λ
394 1857 417 1879 α
435 1857 465 1888 ς.
507 1844 766 1893 μηχανᾶσθαι

109 1898 314 1948 Schweigh.
341 1899 522 1936 reddidit:
551 1899 679 1936 callide
705 1901 764 1937 in-

108 1957 250 1993 struere.
270 1976 326 1982 —
346 1953 367 1995 ὁ
385 1952 518 2006 λαγὸς
540 1955 668 1993 Ionum
689 1957 766 1993 for-

108 2023 206 2049 mam
217 2024 299 2050 esse
311 2024 354 2049 ex
364 2010 555 2049 Athenaeo
566 2011 619 2049 IX
629 2025 666 2062 p.
678 2012 766 2054 400

109 2073 233 2106 monet
248 2067 526 2117 Wesselingius.
562 2068 763 2117 Vulgarem

107 2126 261 2162 formam
280 2121 412 2176 λαγών
422 2124 479 2162 hie
496 2124 662 2175 plerique
683 2125 764 2163 libri

108 2181 317 2219 ostendunt.
338 2202 395 2210 —-
423 2180 483 2218 De
508 2183 541 2219 vi
560 2183 659 2219 vocis
693 2177 760 2221 ἅτε

108 2237 280 2287 (utpote),
299 2250 394 2288 quae
411 2237 467 2274 bis
488 2237 558 2275 hoc
573 2239 692 2289 eapite
708 2238 761 2277 le-

109 2294 227 2344 gitur,
247 2295 333 2332 vide
349 2295 400 2330 sis
422 2292 553 2331 Matth.
567 2293 604 2346 ἓ.
616 2294 713 2342 486,
731 2295 760 2337 4

109 2362 195 2402 pag.
221 2352 315 2392 908.
346 2372 404 2379 ——
434 2349 479 2387 In
514 2351 589 2389 fine
615 2351 761 2402 capitis,

110 2406 198 2456 quid
213 2408 260 2444 sit
271 2402 351 2448 οἷπὸ
369 2403 547 2459 γλώσσης
560 2407 636 2457 (ωε
644 2411 761 2456 tenus,

111 2462 324 2513 miindlieh)‚
351 2464 441 2501 satis
452 2462 591 2502 Lexiea
610 2464 757 2502 docent.

111 2515 280 2556 Extrema
303 2520 414 2558 verba
444 2533 526 2557 eum
554 2520 762 2570 Schweigh.

112 2573 167 2612 sie
183 2579 323 2614 vertere
349 2575 453 2614 licet:
482 2589 648 2624 „necesse
675 2589 762 2625 esse,

113 2633 155 2666 ut
167 2629 233 2668 illa
251 2631 320 2669 suet
340 2643 447 2670 manu
467 2645 542 2670 eum
557 2633 760 2683 (leporem)

113 2689 281 2724 excuteret
293 2716 305 2735 ‚
341 2701 451 2739 neque
478 2692 664 2741 quisquam
698 2690 760 2727 hoc

109 2739 263 2791 faciente*
289 2744 425 2782 adsit.“

279 2799 387 2851 Cap.
430 2800 600 2840 CXXIV.

124 2869 126 2871 >
170 2851 341 2895 ἐπιτελέα
362 2855 536 2907 ἐγίνετο]
566 2858 676 2899 Conf.
696 2870 758 2897 su-

115 2920 183 2959 pra
198 2911 246 2949 ad
263 2910 301 2960 1,
323 2913 416 2956 117.

891 1667 925 1713 a?
945 1675 1023 1713 παῖ
1050 1668 1301 1725 Καμβύσεω,
1341 1670 1385 1713 σέ
1411 1669 1489 1726 γοῖρ

831 1728 927 1769 θεοὶ
956 1729 1170 1783 έπορέωσι]
1205 1730 1264 1769 De
1285 1743 1355 1767 usu
1372 1731 1489 1780 parti-

833 1785 936 1824 culae
959 1783 1034 1839 γὰρ
1065 1800 1151 1825 vere
1181 1786 1316 1826 causali
1335 1787 1490 1826 vidimus

833 1843 940 1891 adl,
967 1845 1005 1885 8.
1063 1844 1291 1882 Sententiam
1320 1843 1373 1881 sie
1400 1855 1490 1894 sup-

832 1899 909 1951 plet
919 1900 1121 1939 Hermann.
1134 1901 1183 1938 ad
1195 1900 1319 1949 Viger.
1336 1913 1373 1950 p.
1384 1901 1488 1942 829:

833 1960 902 2003 „te
934 1959 1022 1994 enim
1044 1957 1227 2007 alloquor,
1256 1969 1354 2006 quem
1376 1959 1486 2006 respi—

833 2015 931 2050 ciunt
952 2013 1045 2052 dii.“
1073 2013 1225 2051 Rectius
1245 2012 1327 2050 Ast.
1340 2013 1388 2050 ad
1400 2011 1487 2049 Pla-

831 2072 906 2107 ton.
927 2070 1084 2109 Phaedr.
1112 2082 1201 2120 pag.
1225 2067 1329 2111 224:
1360 2082 1488 2116 „nunc

829 2126 997 2164 ulciscere
1004 2140 1018 2171 ,·
1047 2130 1082 2164 te
1106 2129 1194 2164 enim
1217 2125 1272 2163 dia·
1296 2127 1488 2175 respiciunt

830 2183 881 2232 (i.
914 2197 947 2222 e.
978 2186 1064 2234 qaia
1091 2183 1158 2221 tibi
1187 2182 1242 2220 dii
1267 2181 1487 2233 favent),·.“

828 2252 938 2290 quam
961 2241 1141 2279 rationem
1170 2251 1319 2290 quoque
1340 2243 1486 2276 secutus

827 2300 885 2335 est
903 2296 1083 2334 Matthiae
1095 2296 1258 2333 Gramm.
1276 2296 1342 2333 Gr.
1355 2294 1391 2347 ἓ.
1402 2294 1488 2337 615

826 2365 863 2404 p.
883 2352 991 2395 1242
1005 2382 1017 2401 ,
1048 2353 1110 2390 nbi
1131 2353 1207 2391 vid..
1245 2353 1354 2391 Conf.
1375 2351 1489 2404 paulo

826 2413 936 2448 antea
953 2409 993 2459 Ι,
1013 2411 1110 2452 121.

883 2517 1011 2560 κατοῖ
1040 2517 1114 2573 μέν
1143 2518 1219 2575 γοῖρ
1237 2518 1317 2572 τήν
1338 2516 1489 2561 τούτου

826 2577 1087 2631 προθυμίην]
1138 2575 1237 2617 nocto?
1273 2578 1331 2615 hic
1369 2577 1485 2616 valet:

828 2634 920 2685 quod
937 2636 1065 2672 attinet
1087 2634 1158 2683 ad,
1181 2634 1379 2672 secundum.
1400 2634 1484 2671 Vid.

827 2690 1009 2730 Matthiae
1026 2690 1082 2728 kl.
1107 2689 1144 2742 ᾖ
1156 2692 1234 2734 581
1258 2705 1344 2741 pag.
1362 2692 1484 2736 1153,

826 2748 879 2785 ita
898 2751 1119 2786 vertentem:
1151 2748 1257 2785 sovz‘el
1282 2747 1356 2797 auf
1371 2749 1486 2784 scine-n

832 2803 961 2843 Willen
998 2804 1140 2842 ankam.
1177 2825 1233 2833 —·
1272 2803 1362 2842 Mox
1396 2803 1485 2840 scri-

822 2860 964 2911 psimus
998 2860 1173 2914 περίεις,
1221 2864 1262 2898 ut
1301 2871 1414 2911 supra
1449 2859 1486 2907 1,

824 2917 919 2959 121.
