1759 3324
12 1088 110 1137 135
135 1090 366 1142 τροπεῦον.

613 257 914 298 CL10.1.

1312 257 1395 296 317

130 372 234 424 τούς
270 369 382 414 εἶναι
423 367 675 426 ἀνθρώπων
713 370 868 426 μακρῷ
905 367 958 410 τοὶ
995 364 1138 410 πάντα
1178 364 1397 420 ἀρίστους,

129 451 233 503 τούς
259 451 305 494 δὲ
334 447 494 500 ἄλλους
522 449 633 493 κατοὶ
661 446 796 504 λόγον
824 445 903 490 τὸν
929 445 1166 502 λεγόμενον
1193 449 1268 502 τῆς
1290 444 1395 502 0293-

128 535 206 587 τῆς
255 528 531 585 ἀντέχεσθαι,
577 527 682 578 τούς
725 526 772 571 δὲ
810 524 1028 570 ἑκαστάτω
1057 524 1280 576 οἰκέοντας
1310 524 1396 570 ἀπὸ

102 611 311 655 5ἓωυτῶν
348 610 581 659 κακίστους
619 605 742 650 εἶναι.

810 604 901 649 Ἐπὶ
938 605 985 649 δὲ
1030 604 1205 662 Μήδων
1245 603 1454 662 ἀρχόν-85

130 706 242 741 των,
272 689 344 732 καὶ
372 683 475 744 ἦρχε
502 687 555 730 τοὶ
585 686 717 730 ἔθνεα
747 683 960 742 ἀλλήλων.
999 684 1292 728 συναπάντων
1319 685 1398 741 μὲν

133 771 310 825 Μῆδοι,
353 769 427 811 καὶ
454 771 543 810 τῶν
583 764 761 822 ἄγχιστα
800 765 1034 809 οἰκεόντων
1074 766 1221 820 σφίσι·

1270 760 1397 808 ΟὗῖΟι

132 849 204 901 δὲ,
244 847 320 891 καὶ
348 850 436 890 τῶν
467 844 703 902 ὁμούρων·
736 847 779 889 οἱ
810 845 876 897 δὲ,
925 845 1109 901 μάλιστα
1137 847 1228 887 τῶν
1257 845 1398 901 ἐχομέ-

104 936 126 970 6
136 944 238 972 νων.

297 926 408 971 κατὰ
437 926 516 970 τόν
545 924 682 970 αὐτόν
712 926 757 969 δὲ
786 924 921 981 λόγον
950 926 1024 969 καὶ
1064 926 1108 968 οἱ
1138 924 1305 979 Πέρσαι
1341 941 1399 967 τι-

132 1011 271 1064 μῶσι·
300 1006 535 1063 προέβαινε
564 1005 645 1062 γὰρ
677 1005 729 1062 δὴ
757 1004 806 1049 τὸ
837 1005 968 1055 ἔθνος
999 1002 1134 1060 ἄρχον
1153 1020 1198 1048 τε
1216 1004 1290 1047 καὶ
1312 1003 1400 1047 ἐπι-

75 1297 157 1322 nore
177 1284 298 1321 habere
318 1283 488 1334 aliquem)
512 1283 662 1320 recurrit
686 1282 735 1329 ΙΙ,

78 1344 144 1382 83.
175 1340 256 1379 Nec
282 1340 385 1378 aliter
415 1342 492 1378 fere
518 1341 670 1377 activum
692 1336 735 1377 ἅ-

77 1412 162 1450 γειν
180 1397 237 1444 ΙΙ,
263 1399 355 1438 172.
386 1397 460 1444 IX,
478 1399 516 1437 7·

78 1454 237 1490 imitatus
277 1457 333 1490 est
370 1452 570 1490 Pausanias
585 1482 595 1499 ‚
636 1452 734 1489 cuius

79 1511 178 1548 locos
197 1509 334 1558 aliquot
353 1509 489 1546 indicat
508 1509 673 1546 Siebelis.
685 1508 734 1546 ad

78 1567 237 1604 Pausan.
259 1566 296 1613 Ι,
323 1566 348 1606 5
382 1564 464 1616 §.3
438 1586 477 1606 υ.
535 1565 595 1603 De
620 1566 736 1615 parti-

80 1623 174 1674 cipio
196 1621 408 1672 οἰκημένος
428 1623 578 1670 eiusque
600 1635 666 1658 usu
689 1622 734 1659 cf

82 1691 193 1730 supra
210 1678 250 1725 Ι,
275 1681 341 1720 28.
354 1701 401 1705 -
415 1680 487 1729 τῆς
507 1674 650 1730 αρετῆς
667 1672 735 1716 α’ν-

81 1734 265 1786 τέχεσθαι
288 1736 437 1785 proprie
463 1738 535 1772 est:
566 1735 735 1771 virtutem

81 1792 244 1829 studiose
277 1792 403 1840 sequi,
441 1791 561 1828 virtuti
602 1791 736 1828 incum-

83 1849 169 1886 bere
191 1849 212 1884 i.
223 1861 254 1885 e.
267 1848 374 1885 colere
387 1849 563 1885 virtutem.
595 1847 736 1884 Contra

79 1905 118 1942 in
137 1917 242 1954 seqq.

138 1961 180 2001 οἱ
195 1956 374 2012 ἐχόμενοι
393 1965 477 1998 sunt
491 1963 736 2011 proximiquz'-

84 2030 170 2068 que,
208 2031 276 2055 usu
317 2018 511 2055 Herodoto
556 2031 735 2067 perquam

82 2073 248 2112 familiari
280 2087 348 2112 nec
386 2074 463 2112 aliis
502 2075 736 2125 scriptoribus

84 2130 250 2177 insolit03
277 2132 373 2168 conf.
392 2131 463 2178 IV,
487 2133 579 2173 169.
609 2131 656 2178 V,
668 2130 734 2172 49.

83 2187 158 2235 VI,
177 2189 203 2228 8
222 2191 289 2225 etc.
338 2187 450 2231 Quod
472 2189 636 2225 additum
659 2191 738 2225 erat

88 2239 213 2295 μάλα,
242 2243 282 2281 id
307 2257 328 2282 e
345 2243 621 2282 Schellershem.
646 2244 738 2281 libro

88 2313 168 2338 cum
188 2304 336 2339 recentt.
363 2302 578 2338 mutavimus
607 2301 644 2337 in
665 2296 740 2351 μά-

89 2358 218 2404 λιστα,
247 2357 346 2406 quod
365 2357 477 2394 multo
506 2357 627 2408 aptius
659 2370 741 2395 esse

91 2413 204 2462 quivis
230 2413 435 2464 perspiciet.

146 2467 356 2521 προέβαινε
374 2485 449 2522 γαρ
478 2467 529 2521 δη
557 2467 602 2511 τό
622 2469 743 2517 ε’θνος

94 2538 211 2575 αρχον
229 2539 269 2564 τε
289 2524 356 2564 καὶ
371 2525 655 2578 ἐπιτροπεῦον]
669 2528 743 2565 Be-

94 2590 144 2618 ne.
159 2585 260 2618 notat
279 2582 447 2631 Schwgh.
476 2583 567 2621 haec
588 2585 636 2621 ad
653 2584 744 2621 Per-

96 2647 155 2672 sas
175 2638 308 2675 referri.
353 2639 422 2676 Est
442 2640 538 2677 enim
560 2640 650 2678 haec
675 2653 744 2677 no-

97 2690 162 2728 stri
185 2694 364 2743 scriptoris
403 2697 600 2734 sententia:
641 2709 744 2744 „eo-

98 2747 181 2784 dem
217 2750 292 2788 fere
325 2751 455 2798 modo,
493 2765 567 2803 quo
596 2752 744 2802 Medos,

96 2801 190 2840 hanc
218 2816 362 2855 quoque
390 2807 622 2858 (Persarum)
652 2823 745 2859 gen-

97 2860 171 2895 tem
181 2871 409 2909 progressam
430 2877 510 2903 esse
527 2865 744 2916 imperando

99 2915 137 2951 et
169 2919 384 2964 potestatem
412 2920 480 2958 sibi
517 2923 745 2960 commissam

574 1396 617 1433 Id
635 1396 736 1444 quod

424 1085 603 1136 Ξεινικοὲ
644 1085 691 1130 δὲ
736 1083 900 1142 νόμαια
937 1084 1108 1140 Πέρσαι
1146 1086 1455 1140 προσίενται9ο

805 1280 1049 1320 exercend0.“
1100 1279 1206 1324 Quae
1228 1293 1271 1318 eo
1290 1281 1458 1325 redeunt,

803 1343 843 1376 ut
865 1338 1000 1376 Persici
1018 1337 1157 1387 imperii
1179 1337 1302 1374 similis
1322 1351 1459 1387 prope-

804 1395 953 1432 modum
995 1398 1298 1431 commonstretur
1346 1394 1459 1431 fuisse

803 1454 944 1498 forma,
975 1450 1097 1487 similis·
1127 1451 1205 1487 fere
1237 1450 1392 1487 ambitus
1421 1455 1459 1488 et

800 1508 981 1558 regnandi
1016 1522 1045 1544 s.
1073 1506 1350 1544 administrandi
1374 1520 1462 1557 pro-

801 1566 937 1602 vincias
966 1565 1081 1611 ratio,
1113 1577 1208 1613 quae
1235 1568 1345 1602 antea
1376 1563 1461 1602 Me-

803 1623 933 1658 dorum
950 1622 1078 1658 suerat.
1139 1621 1251 1658 Unde
1277 1624 1363 1672 apte
1393 1620 1461 1658 hoc

802 1678 881 1715 loco
907 1691 992 1714 usus
1016 1682 1071 1714 est
1091 1678 1298 1716 Heerenius
1327 1678 1460 1725 (Ideen

802 1734 840 1780 Ι,
870 1737 891 1774 1
922 1747 1009 1784 pag.
1031 1732 1131 1783 142)
1155 1735 1201 1772 de
1222 1735 1363 1784 imperii
1377 1734 1461 1772 Me-

804 1791 875 1827 dici
894 1791 1010 1827 forma
1031 1803 1072 1827 ac
1094 1791 1269 1839 regimine
1284 1791 1321 1827 in
1339 1790 1463 1829 Persi-

804 1861 885 1886 cum
903 1847 988 1885 dein
1006 1847 1183 1885 translato
1204 1847 1376 1885 scribens.

973 1931 1085 1983 Cap.
1115 1931 1307 1969 cxxxv.

862 2012 1014 2065 ξεινικοῖ
1051 2013 1094 2056 δὲ
1126 2011 1279 2067 νόμαια
1310 2013 1462 2068 Πέρσαι

803 2074 1035 2124 προσίενται
1070 2068 1232 2125 ἀνδρῶν
1266 2070 1460 2124 μάλιστα]

803 2130 966 2168 Haecin
992 2130 1295 2181 disceptationem
1321 2130 1465 2167 vocavit

804 2187 964 2225 Heeren.
986 2187 1118 2235 (Ideen
1139 2191 1205 2225 etc.
1226 2187 1256 2234 Ι,
1272 2190 1290 2227 1
1309 2201 1345 2238 p.
1357 2185 1461 2233 408)

807 2244 846 2281 in
872 2245 1081 2281 universum
1108 2245 1332 2292 admonens,
1374 2257 1467 2293 gen-

807 2305 863 2338 tes
890 2301 1089 2348 nomades,
1131 2314 1227 2350 quae
1255 2314 1330 2338 non
1367 2301 1466 2338 sedi-

808 2358 877 2395 bus
899 2358 979 2394 fixis
1007 2361 1202 2395 teneantur
1231 2370 1274 2395 ac
1300 2357 1470 2408 volupta-

808 2415 903 2451 tibus
938 2418 1078 2451 tantum
1117 2415 1287 2463 vitaeque
1331 2414 1468 2452 deliciis

810 2471 997 2521 capiendis
1017 2472 1066 2507 ad
1092 2472 1343 2522 expeditiones
1361 2470 1469 2508 belli-

811 2539 870 2565 cas
891 2526 1140 2578 impellantur,
1162 2541 1253 2578 prae
1270 2528 1399 2565 ceteris
1419 2527 1468 2564 ad

810 2597 952 2621 morum
998 2584 1236 2622 mutationem
1286 2584 1468 2634 proclives

811 2654 892 2678 esse
911 2641 1157 2690 victorumque
1178 2641 1398 2691 populorum
1412 2641 1469 2677 in-

810 2697 958 2745 stituta,
998 2696 1122 2747 leges,
1160 2698 1306 2735 vivendi
1351 2709 1468 2746 genus

810 2755 980 2803 adeoque
1008 2754 1182 2791 luxuriam
1220 2754 1469 2792 lubentissime

811 2811 1026 2849 adsciscere.
1083 2811 1128 2848 Id
1164 2811 1266 2860 quod
1303 2810 1468 2860 inprimis

813 2867 861 2904 de
881 2867 1001 2904 Persis
1022 2867 1164 2914 valere,
1184 2880 1337 2915 quorum
1349 2865 1467 2903 omnis

813 2923 956 2974 imperii
974 2924 1094 2961 forma
1112 2924 1282 2972 vitaeque
1292 2922 1383 2959 ratio
1392 2926 1466 2958 tum

1454 537 1509 577 68

1475 1090 1617 1117 Fxternos
1635 1097 1734 1116 mores

1473 1125 1619 1152 facillime
1637 1124 1734 1151 adsci-

1470 1161 1567 1186 scunt.
