1759 3324
27 856 76 882 1371
93 875 101 888 ‚

198 623 300 668 147

28 687 144 715 Notitia
158 695 258 714 rerum
274 687 304 714 in

29 723 165 756 Aegypto
199 721 305 749 dehinc

27 761 201 789 gestarum,

28 789 158 814 certior:
186 796 228 814 ιιι
256 796 304 814 re-

29 829 82 856 ges
100 822 193 848 creati
221 821 258 848 ab
277 828 303 848 a.

140 858 304 890 Aegyptum

29 888 61 915 in
85 888 208 914 totidem
237 896 305 922 par-

29 927 76 948 tes
103 922 228 948 divisam
257 929 303 947 re-

29 958 123 987 gunt:
142 955 304 981 eoi-umin-

354 280 440 320 822
750 276 1219 316 HERODOTI

360 385 437 430 ἀπ’
468 380 522 430 οὗ
552 385 598 430 δὲ
628 385 848 431 ἐπύθοντο
879 385 1065 443 χρόνον,
1113 383 1198 429 ἀπὸ
1231 383 1390 428 τούτου
1420 387 1620 438 γενεηλο-

358 465 508 521 γέουσι
547 464 692 509 αὐτῶν
730 465 808 522 τὴν
847 465 1028 521 γένεσιν.

358 543 588 601 Αἰγύπτιοι
617 545 806 600 λέγουσι.

1094 468 1240 508 Ταῦτα
1270 463 1349 520 μέν
1381 478 1466 505 νυν
1497 460 1622 505 αὐτοὶ

465 623 578 667 ’Ὅσα
620 624 666 666 δὲ
712 625 758 666 οἵ
795 639 838 667 τε
876 622 999 666 ἄλλοι
1029 622 1262 676 ἄνθρωποι
1287 622 1360 665 καὶ
1391 618 1681 676 Αἰγύπτιοι95

244 755 304 781 iam

362 703 559 757 λέγουσι,
608 699 916 757 ὁμολογέοντες
944 706 1057 744 τοῖσι
1084 700 1275 751 ἄλλοισι,
1325 699 1434 744 κατὰ
1463 698 1625 756 ταύτην

361 782 441 838 τήν
469 779 615 836 χώρην
643 779 871 836 γενέσθαι,
902 779 1026 823 ταῦτ’
1055 779 1138 834 ἤδη
1168 777 1342 833 φράσω·
1390 779 1625 833 προσέσται

334 859 414 903 Ξδέ
443 876 484 903 τι
515 859 688 903 αὐτοῖσι
717 859 792 902 καὶ
819 862 894 914 τῆς
923 858 1024 914 ἐμῆς
1056 856 1194 908 ὄψιος.
1234 856 1625 912 Ἐλευ-θερωθέντες

364 937 600 994 Αἰγύπτιοι
636 936 743 994 μετιέ
781 936 860 981 τόν
899 937 993 991 ἱρέα
1022 938 1103 980 τοῦ
1137 935 1379 992 “Ηφαίστου
1426 935 1627 991 βασιλεύ-

31 993 78 1015 ter
93 997 125 1015 se
143 992 247 1022 pacta,
274 992 305 1014 et

31 1025 126 1049 metus
160 1030 195 1049 ex
240 1029 305 1047 ora-

31 1056 108 1083 culo.

361 1126 486 1164 ταῦτα
517 1122 588 1175 μέν
616 1136 692 1162 νυν
709 1143 766 1149 -
785 1119 958 1174 λέγουσι]

307 1183 433 1220 ταῦτα
454 1179 524 1231 μέν
546 1194 622 1218 νυν
643 1182 814 1230 spectant
836 1179 884 1215 ad
904 1190 960 1225 ea,

307 1251 403 1287 quae
422 1238 468 1276 de
485 1238 635 1275 deorum
661 1236 785 1285 regnis
809 1236 845 1271 in
864 1239 962 1272 terra

307 1308 350 1332 ac
377 1295 424 1332 de
452 1294 566 1331 tribus
593 1295 744 1331 deorum
773 1291 962 1329 ordinibus

306 1356 416 1389 antea
441 1354 611 1389 enarrata
632 1353 746 1387 erant.

478 1518 544 1555 ea
552 1532 590 1569 p.
619 1516 803 1555 chvn.

365 1600 433 1641 καὶ
461 1604 533 1652 τῆς
556 1600 654 1652 ἐμῆς
682 1599 818 1651 ὄψιος]
853 1600 961 1638 Conf.

308 1658 367 1706 11,
386 1661 440 1700 99
460 1659 537 1696 init.
566 1680 622 1686 —
659 1658 815 1695 Videtur
842 1664 965 1694 autem

308 1716 521 1753 Herodotus
553 1715 632 1765 ipse
670 1715 832 1752 indicare
860 1714 964 1760 velle,

308 1784 404 1821 quae
422 1772 493 1808 iam
511 1776 721 1808 narraturus
740 1771 809 1818 sit,
829 1783 873 1808 ea
888 1783 967 1807 ma-

308 1828 365 1876 gis
388 1828 437 1864 ad
458 1828 633 1865 historiae
662 1828 773 1865 fidem
794 1827 966 1864 accedere

310 1889 348 1921 et
375 1898 443 1934 pro
475 1884 687 1922 certioribus
717 1897 798 1922 esse
828 1883 966 1920 haben-

311 1942 381 1986 da,
424 1945 463 1976 ut
491 1941 585 1978 bene
624 1945 729 1977 notat
756 1940 964 1977 Heerenius

311 1996 423 2034 ldeen
441 2001 508 2034 etc.
530 1996 565 2034 ll
595 2010 632 2047 p.
651 1998 745 2038 398.

367 2077 706 2129 ἐλευθερωθέντες
751 2075 965 2132 Αἰγύπτιοι

311 2150 348 2174 κ.
365 2149 396 2173 τ.
416 2134 467 2186 λ.]
506 2136 640 2186 Neque
667 2137 705 2173 in
741 2136 820 2183 his,
869 2148 965 2184 quae

312 2192 385 2228 iam
415 2192 570 2229 certiora
597 2193 700 2242 ponit
738 2192 965 2238 Herodotus,

312 2260 461 2297 prorsus
488 2248 555 2284 sibi
582 2254 751 2285 constans
772 2260 891 2285 rerum
911 2248 966 2283 hi-

315 2304 436 2340 storia.
495 2303 616 2352 Atque
635 2304 820 2340 Diodorus
851 2303 887 2349 Ι,
911 2305 964 2344 66

312 2364 398 2410 post
438 2359 667 2396 Sabaconem
712 2361 822 2396 refert
860 2371 967 2395 anar-

314 2415 430 2452 chiam
448 2428 514 2465 per
535 2415 720 2451 biennium
743 2415 871 2460 fuisse3
893 2427 966 2462 quo

314 2475 480 2520 tempore
504 2484 584 2507 cum
605 2471 653 2507 ad
671 2471 845 2507 tumultus
865 2469 967 2520 plebs

314 2531 412 2564 esset
436 2539 631 2574 conversa,
663 2527 854 2563 duodecim
874 2527 968 2562 inter

316 2596 356 2620 se
394 2583 504 2619 duces
534 2584 740 2620 coniuratos
777 2583 966 2632 imperium

316 2638 549 2687 acquisivisse
595 2639 757 2687 illudque
777 2665 787 2682 ‚
844 2638 965 2688 prouti

317 2699 583 2741 convenerant,
623 2695 862 2731 communiter
900 2706 966 2743 per

318 2751 523 2799 quindecim
536 2763 650 2788 annos
661 2751 833 2787 tenuisse.
856 2748 965 2798 Apud

318 2806 578 2843 Manethonem
607 2806 705 2843 nulla
730 2806 832 2843 huius
851 2805 966 2842 dode-

319 2862 480 2900 carchiae
489 2893 502 2910 ,
533 2876 628 2912 quae
647 2862 796 2909 dicitur,
811 2860 965 2906 menti03

317 2919 383 2956 sed
402 2931 530 2957 novem
559 2931 664 2968 reges
686 2919 810 2956 Saitae
828 2929 966 2956 memo-

1027 1124 1152 1157 rantur
1177 1148 1188 1167 ,
1230 1132 1383 1169 quorum
1415 1124 1568 1170 quartus
1598 1121 1685 1157 dici-

1027 1182 1087 1213 tur
1128 1176 1415 1214 Psammitichus.
1488 1176 1549 1213 Tu
1591 1178 1687 1214 conf.

1029 1232 1141 1271 Beck.
1171 1233 1317 1282 allgem.
1337 1233 1644 1282 l‘Veltgeschiehte
1671 1233 1685 1269 1

1031 1302 1117 1340 pag.
1140 1291 1232 1330 693.
1253 1293 1335 1331 720
1357 1303 1434 1338 seq.
1477 1290 1600 1339 Ipsum
1617 1290 1686 1325 ini-

1033 1347 1125 1382 tium
1143 1346 1246 1383 huius
1269 1347 1459 1383 duodecim
1474 1359 1601 1394 regum
1620 1347 1687 1382 im-

1032 1402 1125 1453 perii
1145 1401 1348 1440 Larcherus
1379 1402 1532 1439 collocat
1562 1402 1596 1438 in
1622 1415 1688 1439 au-

1033 1471 1118 1495 num
1145 1461 1225 1499 671
1256 1472 1288 1496 a.
1318 1459 1403 1496 Chr.
1424 1472 1459 1495 n.
1489 1459 1603 1505 (tom.
1621 1457 1688 1495 vll

1033 1528 1118 1565 pag.
1144 1517 1218 1554 111
1244 1529 1346 1564 seqq.
1368 1515 1448 1552 coll.
1473 1516 1594 1563 107),
1626 1514 1687 1563 qui

1034 1572 1131 1608 idem
1146 1572 1428 1620 probabiliorem
1454 1576 1577 1608 censet
1597 1571 1688 1608 Dio·

1034 1628 1113 1664 dori
1134 1628 1379 1665 narrationem
1393 1657 1404 1675 ,
1417 1628 1488 1676 qua
1507 1640 1580 1663 non
1601 1641 1688 1664 con-

1032 1684 1135 1721 tinuo
1173 1684 1345 1721 Sethonis
1390 1684 1586 1721 sacerdotis
1629 1697 1686 1721 re-

1033 1753 1147 1790 gnum
1177 1740 1370 1778 duodecim
1392 1740 1451 1777 isti
1478 1740 1596 1789 reguli
1626 1753 1687 1777 ex-

1034 1797 1223 1847 ceperint,
1260 1798 1326 1834 sed
1351 1797 1497 1834 biennio
1525 1801 1688 1847 praeter-

1033 1853 1149 1903 lapso.
1199 1853 1252 1889 Ac
1269 1866 1394 1891 revera
1416 1852 1523 1890 valde
1543 1853 1584 1890 fit
1606 1866 1684 1890 cre-

1034 1909 1144 1947 dibile
1157 1937 1168 1955 ,
1199 1909 1361 1947 Sethone
1379 1913 1521 1947 mortuo
1547 1909 1608 1957 (ut
1626 1909 1688 1958 qui

1034 1966 1202 2003 sacerdos
1236 1966 1365 2003 solium
1399 1966 1539 2014 regium
1571 1967 1687 2014 magis

1035 2034 1234 2072 occupasse
1251 2035 1359 2072 quam
1372 2023 1449 2059 iure
1467 2022 1688 2060 hereditario

1035 2080 1110 2116 sive
1137 2078 1300 2126 legitimo
1336 2079 1533 2116 adscivisse
1564 2078 1687 2116 videa-

1033 2134 1124 2183 tur),
1152 2147 1322 2183 magnam
1346 2147 1464 2173 rerum
1485 2135 1688 2172 conversio-

1033 2204 1118 2229 nem
1147 2191 1184 2227 in
1203 2190 1375 2241 Aegypto
1403 2192 1537 2228 factam
1560 2191 1688 2238 fuisse,

1033 2260 1150 2296 usque
1169 2247 1255 2283 dum
1274 2260 1365 2297 pace
1382 2247 1580 2296 composita
1595 2248 1689 2283 duo-

1034 2305 1151 2340 decim
1198 2303 1314 2351 reguli
1363 2303 1687 2348 constituerentur3

1034 2372 1126 2407 quos
1157 2371 1177 2394 e
1203 2359 1353 2395 militum
1392 2371 1527 2406 genere
1559 2359 1688 2406 (Krie-

1035 2415 1236 2462 gerkaste)
1276 2415 1462 2451 desumtos
1498 2415 1610 2452 fuisse
1642 2428 1685 2452 eo

1035 2471 1151 2518 magis
1173 2470 1398 2517 crediderim,
1424 2484 1496 2519 quo
1518 2476 1602 2508 ante
1619 2472 1687 2508 Se-

1033 2525 1181 2562 thonem
1214 2539 1258 2562 ex
1289 2527 1415 2563 eadem
1445 2532 1554 2575 gente
1581 2540 1686 2575 reges

1035 2581 1170 2618 electos
1209 2583 1321 2619 fuisse
1371 2584 1457 2619 satis
1499 2583 1686 2633 probabile

1034 2642 1101 2675 est.
1158 2637 1237 2675 Nec
1261 2642 1383 2676 tamen
1410 2639 1514 2689 plura
1542 2652 1686 2677 asseve-

1031 2693 1139 2730 rarim
1159 2693 1196 2729 in
1226 2707 1265 2731 re
1286 2699 1359 2731 tam
1380 2696 1554 2741 obscura,
1584 2695 1686 2732 testi-

1032 2750 1307 2798 moniorumque
1328 2756 1431 2788 tanta
1453 2752 1586 2801 inopia.
1627 2751 1684 2788 Cf.

1033 2805 1193 2843 Heeren.
1222 2806 1334 2846 Idecn
1362 2807 1417 2855 Π,
1436 2811 1462 2850 2
1494 2819 1582 2859 pag.
1601 2809 1683 2849 396

1034 2873 1111 2911 seq.
