1759 3324
504 256 1024 297 EUTERPE.II.
1301 261 1385 300 719

532 365 618 417 Τάς
657 365 702 409 δὲ
737 364 893 422 στήλας
932 365 1008 417 τὰς
1041 366 1138 408 ἵστα
1166 366 1276 409 κατά
1306 366 1382 418 τὰς
1439 379 1716 441 ξξνίηξώθῃῑςῐυτῑετε

1469 422 1476 429 “
1599 425 1662 442 mus
1685 427 1715 444 ΠΙ

1436 446 1626 476 Palaestina:
1639 438 1716 478 miae

1436 484 1554 508 statuae
1573 483 1651 509 eirca
1670 484 1715 511 lo-

1438 515 1534 548 niam,
1572 515 1715 544 Sesostris

1437 547 1597 581 imaginem
1637 551 1715 577 rese-

1438 586 1555 616 renteS,
1575 591 1632 609 non
1652 584 1716 611 Me-

1436 616 1565 643 iunonis.

0 373 95 419 106
119 388 188 414 ται
218 369 470 426 Αἰγύπτιον.

115 449 257 506 χώρας
277 447 299 492 ὁ
313 446 537 503 Αἰγύπτου
554 444 761 501 βασιλεὺς
779 445 1028 500 Σέσωστρις
1042 477 1052 496 .,
1083 447 1129 488 αἱ
1146 445 1224 501 μὲν
1244 450 1377 489 πλεῦ-

116 545 187 580 νες
218 526 363 571 οὐκέτι
392 527 626 581 φαίνονται
655 528 929 579 περιεοῦσαι·
977 525 1023 568 ἐν
1054 525 1098 568 δὲ
1129 529 1181 582 τῇ
1211 529 1379 568 Παλαι-

117 609 240 663 στίνῃ
270 606 416 662 Συρίῃ
448 602 580 654 αὐτὸς
611 603 742 658 ὅρεον
773 603 951 656 ἐούσας,
982 605 1056 647 καὶ
1074 603 1126 647 τὰ
1143 603 1378 660 γράμματα

87 685 168 728 Ξτὰ
199 682 401 740 εἰρημένα
433 683 631 736 ἐνεόντα,
674 684 746 727 καὶ
775 683 983 739 γυναικὸς
1013 685 1170 727 αἰδοῖα.
1228 685 1309 727 εἰσὶ
1339 684 1439 728 δὲ55

115 765 187 808 καὶ
216 764 312 820 περὶ
336 762 503 820 Ἰωνίην
543 763 623 808 δύο
662 761 794 807 τύποι
830 763 877 807 ἐν
905 767 1087 821 πέτρῃσι
1116 763 1380 821 ἐγκεκολαμ-

59 996 152 1033 inter
173 1008 211 1032 se
238 995 499 1032 confudissent.
561 995 715 1032 Sardia-

57 1065 106 1089 για
138 1052 233 1088 enim
262 1051 371 1087 lintea
398 1051 503 1088 valde
534 1052 714 1089 celebrata

58 1121 124 1159 per
168 1108 380 1154 Graeciam,
437 1109 535 1145 unde
576 1106 712 1159 βάμμα

58 1160 328 1216 Σαρδιανικόν
364 1165 461 1214 apud
488 1165 711 1215 Hesychium

59 1235 87 1258 s.
110 1234 141 1258 v.
159 1225 390 1258 memoratur.
448 1221 509 1258 Tu
536 1223 608 1258 vid.
629 1222 712 1259 Ari-

59 1277 178 1328 stoph.
205 1277 361 1314 Acharn.
387 1279 478 1319 112.
504 1278 712 1321 Pac.1174

58 1335 180 1384 ibique
204 1334 408 1384 interprett.

265 1417 297 1454 C
309 1430 329 1454 a
340 1431 377 1468 p.
410 1416 506 1456 CVI.

113 1498 184 1548 τοὶς
207 1499 249 1540 δὲ
274 1497 418 1552 στήλας
438 1498 506 1548 τοὶς
525 1501 627 1553 ἵστα]
655 1503 714 1542 De

59 1559 253 1596 accusativi
281 1559 423 1597 ratione
452 1559 586 1596 consul.
617 1560 716 1597 Mat-

60 1615 158 1652 thiae
186 1616 250 1652 Gr.
272 1615 336 1652 Gr.
365 1629 402 1665 p.
424 1618 518 1657 790.
543 1618 645 1664 886,
668 1630 715 1655 ne

59 1671 174 1721 plura.
233 1671 345 1714 Quod
369 1673 418 1708 ad
452 1672 568 1722 ipsam
590 1686 716 1710 narra-

59 1729 195 1764 tionem
211 1728 363 1775 attinet,
388 1733 500 1777 negat
518 1729 648 1778 Zoega
667 1731 714 1767 de

61 1783 228 1821 obeliscc.
257 1797 293 1834 p.
315 1785 396 1825 578
421 1798 496 1833 seq.
535 1786 715 1823 Sesostri-

61 1841 145 1877 dem
173 1853 258 1878 vere
284 1840 350 1877 has
368 1841 549 1878 columnas
570 1843 715 1892 posuis-

59 1909 121 1944 se,
152 1896 250 1933 cuius
279 1898 427 1934 nomine
458 1903 608 1936 vocatae
643 1900 714 1936 sint

59 1958 240 2002 quotquot
265 1953 453 1991 columnae
480 1956 529 1991 ad
552 1960 713 1993 veterum

58 2022 186 2058 regum
209 2010 411 2059 potentiam
452 2014 611 2049 statutae
635 2026 713 2050 cre-

60 2066 157 2103 ditae
194 2067 339 2103 fuerint.
416 2066 712 2106 Palaestinenses

60 2123 207 2171 quidem
246 2123 324 2160 iure
367 2124 585 2161 Sesostridis
641 2126 713 2162 dici

59 2192 189 2228 posse,
219 2192 298 2216 cum
320 2179 408 2216 nihil
435 2181 586 2218 credere
615 2186 713 2220 vetet

61 2236 320 2273 conterminam
337 2237 524 2285 regionem
546 2241 619 2275 tam
637 2239 712 2289 pri-

63 2305 122 2328 sco
145 2293 217 2329 iam
248 2305 338 2330 aevo
364 2293 627 2343 Aegyptiorum
653 2309 712 2332 re-

62 2347 168 2396 gibus
199 2349 368 2386 tributum
392 2351 575 2399 pendisse.
635 2353 712 2389 Sed

64 2404 110 2441 de
129 2404 300 2442 columnis
318 2406 364 2443 ab
385 2406 579 2444 Herodoto
600 2408 638 2445 in
654 2409 714 2446 Io-

63 2460 125 2496 nia
135 2461 219 2498 visis
238 2462 287 2498 nil
305 2463 391 2500 certi
407 2464 580 2500 affirmari
599 2478 713 2515 posse

64 2528 183 2565 neque
228 2517 358 2556 similes
392 2519 481 2557 istas
521 2519 712 2571 Aegyptiis

65 2573 210 2609 omnino
243 2575 379 2622 fuisse3
423 2588 518 2624 quae
549 2578 579 2614 si
606 2591 714 2616 verae

65 2629 198 2666 suerint
211 2659 222 2676 ,
249 2643 324 2668 nou
345 2632 427 2670 ideo
445 2646 536 2682 opus
565 2646 587 2670 a
601 2634 714 2672 Seso-

67 2685 178 2722 stride
197 2691 330 2724 erectas
349 2687 432 2726 illas
456 2693 599 2739 putare,
618 2703 714 2740 quae

66 2752 89 2776 a
107 2742 269 2790 profugis
287 2748 348 2782 aut
366 2744 500 2783 colonis
520 2745 712 2797 Aegyptiis

65 2797 154 2846 poni
168 2800 391 2847 potuissent3
409 2803 714 2851 quemadmodum

66 2852 106 2888 in
138 2852 328 2905 Aethiopia
363 2857 580 2896 Sesostridis
616 2860 714 2896 colu-

67 2920 170 2946 mnas
206 2922 228 2947 a
251 2914 506 2952 mercatoribus
525 2916 647 2966 potius
675 2917 713 2954 in

783 993 881 1042 regis
909 993 1085 1031 honorem
1102 1023 1112 1041 ‚
1156 1007 1265 1044 quam
1293 996 1338 1032 ab
1366 996 1435 1033 hoc

782 1051 862 1100 ipso
888 1051 1026 1100 positas
1057 1052 1178 1089 fuisse.
1245 1052 1434 1089 Hactenus

782 1107 923 1155 Zo'ega.
993 1108 1071 1144 Sed
1108 1113 1315 1158 repugnant
1345 1109 1434 1146 haec

780 1165 886 1201 certis
906 1164 1078 1202 historiae
1098 1165 1311 1202 testimoniis
1327 1166 1435 1215 ipsis-

779 1233 852 1269 que
869 1221 1112 1258 monumentis
1129 1220 1376 1273 Aegyptiacis,
1397 1227 1437 1259 ut

780 1277 934 1314 vidimus
954 1278 1001 1313 ad
1024 1277 1056 1314 ΙΙ
1071 1308 1081 1325 ,
1105 1280 1197 1319 102.

839 1332 881 1372 ἐν
905 1331 947 1372 δὲ
963 1335 1012 1388 τῇ
1036 1333 1283 1387 Παλαιστίνῃ
1305 1334 1435 1390 Συρίῃ

782 1384 903 1437 αὐτὸς
941 1386 1059 1442 ὅρεον
1092 1386 1257 1441 ἐούσας]
1319 1387 1437 1442 ὅρεον

783 1447 881 1484 edidi
928 1461 1008 1484 cum
1056 1452 1207 1485 recentt.
1254 1448 1436 1498 probante

781 1504 901 1540 Koen.
923 1504 971 1540 ad
989 1504 1104 1552 Greg.
1116 1504 1280 1541 Corinth.
1294 1518 1329 1554 p.
1342 1505 1435 1546 407.

782 1559 904 1596 ——Ex
920 1559 989 1597 hoc
1006 1565 1127 1598 autem
1141 1561 1219 1598 loco
1233 1561 1343 1597 nolim
1366 1561 1437 1599 col-

781 1616 915 1665 ligere,
938 1617 1169 1654 Herodotum
1191 1618 1227 1654 in
1246 1618 1362 1668 ipsam
1378 1619 1437 1655 lu-

783 1673 914 1710 daeam
933 1674 1145 1723 pervenisse
1171 1674 1297 1724 (quod
1317 1675 1346 1711 si
1376 1689 1436 1712 es-

784 1732 861 1775 set,
893 1730 940 1766 de
961 1730 1086 1767 incolis
1106 1731 1210 1767 huius
1232 1736 1362 1778 terrae,
1381 1732 1438 1768 in-

783 1786 993 1834 stitutisque
1021 1788 1185 1836 profecto
1228 1793 1436 1833 narrasset3

781 1843 876 1879 conf.
906 1847 999 1880 nott.
1039 1844 1086 1879 ad
1112 1843 1169 1891 Il,
1198 1845 1310 1892 104).
1367 1844 1438 1881 Est

782 1899 877 1935 enim
906 1899 940 1935 h.
968 1898 989 1935 l.
1021 1913 1064 1937 ea
1091 1913 1176 1950 pars
1203 1900 1436 1938 Palaestinae

780 1954 1037 2003 intelligenda,
1078 1969 1172 2005 quae
1202 1969 1302 1994 mare
1326 1958 1437 1994 attin-

780 2011 853 2060 git,
884 2024 948 2048 ora
966 2013 1166 2060 maritima,
1197 2013 1437 2051 Phoenicibus

783 2072 893 2117 atque
918 2068 1124 2107 Pliilistaeis
1155 2070 1216 2119 qui
1257 2071 1437 2117 dicuntur,

780 2128 968 2175 occupata.
1026 2125 1067 2162 In
1104 2127 1258 2164 eandem
1289 2132 1437 2165 senten-

780 2182 867 2218 tiam
894 2180 1096 2219 Larcherus
1128 2184 1315 2234 disputat,
1356 2197 1438 2220 cum

779 2241 941 2284 terram,
987 2251 1081 2288 quae
1111 2241 1158 2277 ad
1191 2240 1347 2277 Davidis
1377 2245 1440 2278 aut

780 2294 986 2331 Salomonis
1008 2296 1197 2346 imperium
1209 2297 1438 2347 pertinuerit,

780 2350 838 2388 hic
860 2351 1014 2401 intelligi
1041 2366 1151 2402 posse
1177 2358 1302 2402 negat.
1360 2355 1437 2392 Sed

783 2406 964 2446 Ascalone
994 2411 1114 2458 (quae
1130 2410 1362 2448 Palaestinae
1383 2412 1439 2448 di-

780 2465 872 2501 citur
892 2465 979 2502 urbs
996 2465 1030 2512 Ι,
1056 2468 1155 2515 105)
1181 2471 1318 2504 statuas
1349 2468 1438 2518 poni

780 2521 947 2571 potuisse
962 2522 1174 2571 arbitratur,
1195 2523 1359 2574 illudque
1373 2525 1439 2562 ad-

783 2577 854 2624 dit,
881 2591 1023 2616 omnem
1043 2580 1233 2628 regionem
1258 2593 1280 2618 a
1305 2581 1438 2630 Ienyso

782 2647 898 2682 usque
947 2636 995 2672 ad
1041 2636 1283 2675 Serbonidem
1319 2638 1437 2675 lacum

783 2690 895 2737 (Her.
925 2691 999 2739 ΙΙΙ,
1025 2692 1081 2741 5)
1121 2694 1169 2730 ad
1195 2694 1339 2743 Syriam
1365 2694 1439 2731 Pa-

782 2746 1039 2785 laestinensem
1056 2750 1276 2799 pertinuisse
1297 2764 1366 2789 nec
1385 2751 1439 2788 ul-

783 2803 818 2840 lo
838 2807 1005 2854 tempore
1022 2804 1155 2843 Davidi
1174 2808 1352 2857 paruisse.

839 2857 912 2899 δύο
931 2856 1065 2911 τύποι]
1095 2857 1214 2902 τύποι
1239 2868 1323 2901 sunt
1344 2866 1437 2901 ima-

779 2918 902 2965 gines,
922 2918 1092 2967 figurae,
1121 2922 1162 2956 ut
1177 2919 1231 2968 Π,
1255 2922 1321 2962 86.
1343 2922 1435 2962 138.
