1759 3324
313 248 400 288 566

699 240 1174 283 HERODOTI

312 353 573 411 ’ὑποδήματα
601 352 810 410 βύβλινα·
843 350 979 406 ἄλλην
1008 352 1052 394 δέ
1083 361 1162 405 σφι
1191 348 1353 403 ἐσθῆτα
1383 344 1466 390 οὐκ
1487 346 1574 399 ἔξεν

284 441 384 476 ὅστι
411 435 584 488 λαβεῖν,
624 430 727 476 οὐδὲ
765 429 1022 485 ὑποδήματα
1055 428 1174 471 ἄλλα.
1220 431 1400 471 λοῦνται
1431 424 1477 469 δὲ
1508 425 1574 476 δὶς

314 515 390 567 τῆς
419 509 577 567 ἡμέρης
606 508 787 565 ἑκάστης
815 512 992 565 ψυχρῷ,
1023 508 1095 551 καὶ
1117 508 1182 558 δὶς
1206 506 1384 561 ἑκάστης
1404 503 1575 555 νυκτός.

286 588 447 641 winus
482 604 527 632 τε
563 589 777 644 θρησκίας
813 586 1076 630 ἐπιτελέουσι
1114 586 1294 641 μυρίας,
1345 582 1404 635 ὦς
1441 584 1576 627 εἰπεῖν

286 666 447 724 8λόγῳ.
499 665 715 721 πάσχουσι
744 666 789 709 δὲ
818 665 892 709 καὶ
931 663 1076 720 ἀγαθοὶ
1107 661 1188 707 οὐκ
1220 662 1355 718 ὀλίγα.
1406 662 1505 706 οὔτε
1535 667 1632 706 τι30

313 745 398 801 γάρ
428 748 517 787 τῶν
547 746 726 800 οἰκηΐων
753 744 954 798 τρίβουσι
974 773 985 793 ,
1012 740 1112 785 οὔτε
1140 740 1440 785 δαπανέωνται
1457 755 1466 764 ·
1499 739 1575 784 ἄλ-

314 823 369 868 λα
397 823 471 867 καὶ
497 823 612 865 σιτία
649 824 728 877 σφί
767 822 856 865 ἐστι
896 821 968 874 ἱρὰ
1007 817 1270 875 πεσσόμενα,

1324 819 1398 862 καὶ
1436 823 1577 874 κρεῶν

313 901 456 958 βοέων
485 899 559 944 καὶ
584 898 750 956 χηνέων
784 898 952 956 πλῆθός
988 915 1030 943 τι
1067 897 1232 954 ἑκάστῳ
1270 897 1432 953 γίνεται
1469 900 1578 941 πολ-

258 1084 308 1122 ad
325 1084 414 1122 alios
425 1111 438 1131 ,
466 1089 541 1122 tum
556 1084 604 1121 ad
620 1083 834 1122 Iudaeorum
855 1097 914 1121 sa-

258 1141 441 1187 cerdotes,
458 1141 504 1179 de
514 1141 644 1190 quibus
661 1144 784 1178 monet
794 1141 914 1191 Spen-

259 1210 333 1235 cer.
347 1196 370 1235 l.
388 1196 412 1235 l.
432 1197 504 1244 ΠΙ,
525 1197 562 1238 5.
583 1210 620 1247 p.
638 1209 683 1234 m.
705 1199 789 1238 682
808 1210 911 1246 seqq.

258 1253 303 1291 In
315 1252 530 1304 templorum
541 1252 804 1304 Aegyptiorum
825 1266 914 1290 ana-

259 1309 404 1360 glyphis
434 1322 509 1346 non
534 1309 637 1347 aliter
664 1311 742 1347 fere
764 1322 913 1360 reprae-

259 1370 421 1404 sentatos
435 1366 597 1403 videmus
606 1367 825 1414 sacerdotes,
835 1364 918 1402 lon-

260 1422 318 1472 gis
336 1422 502 1459 nimirum
532 1422 694 1459 vestibus
722 1422 770 1459 ad
798 1422 913 1472 pedes

259 1491 377 1528 usque
405 1479 670 1529 pertinentibus
701 1478 849 1515 indutos
878 1481 914 1516 et

259 1546 344 1572 raso
372 1533 513 1584 capite,
543 1535 611 1571 nisi
633 1535 692 1571 ubi
713 1533 798 1585 pilei
823 1547 914 1583 quo-

260 1591 346 1627 dam
367 1603 502 1639 genere
526 1594 675 1627 ornatus
701 1602 810 1628 causa
830 1590 915 1628 tecti

260 1647 441 1684 videntur.

316 1704 480 1742 λοῦνται
507 1698 551 1742 δὲ
578 1700 642 1749 δὶς
670 1703 744 1753 τῆς
766 1699 916 1753 ἡμέρης

260 1755 428 1809 νυκτός]
469 1758 568 1796 ldem
598 1759 723 1796 retulit
749 1758 917 1810 Porphy-

260 1815 334 1853 rius
353 1828 396 1853 ex
417 1815 687 1863 Chaeremone,
717 1815 765 1854 de
783 1815 916 1852 abstin.

260 1884 320 1909 an.
342 1871 404 1919 IV,
416 1873 464 1918 7,
493 1870 598 1922 plura
617 1871 666 1909 de
684 1872 917 1910 sacerdotum

260 1927 388 1965 officiis
410 1927 625 1977 disputans,
653 1927 722 1964 nisi
745 1928 846 1977 quod
865 1930 917 1964 ter

260 1983 331 2021 hoc
356 1982 512 2020 interdiu
539 1983 618 2020 fieri
648 1983 800 2033 scripsit.
858 1982 917 2021 De

262 2039 491 2076 sacerdotum
528 2038 783 2076 abluitionibus
820 2039 917 2077 idem

261 2098 388 2132 auctor
414 2098 471 2131 est
505 2093 718 2131 Plutarchus
754 2096 802 2133 de
831 2095 916 2132 lsid.

261 2153 372 2199 atque
391 2149 526 2186 Osirid.
544 2162 630 2198 pag.
652 2152 749 2197 381,
771 2151 828 2198 D,
857 2151 918 2188 ubi

262 2211 387 2243 narrat
401 2233 411 2252 ,
441 2211 573 2253 aquam
596 2218 640 2242 eo
663 2206 827 2244 adhiberi
849 2220 918 2257 pu-

262 2274 352 2308 ram,
364 2261 460 2298 unde
477 2261 548 2297 lbis
570 2262 647 2298 avis
668 2262 809 2299 biberit.
835 2263 917 2300 Un-

263 2317 311 2355 de
329 2316 484 2354 lotiones
505 2315 683 2354 solemnes
709 2318 747 2355 in
764 2318 918 2355 Iudaeo-

262 2385 342 2411 rum
365 2372 499 2420 sacris,
528 2373 575 2411 de
593 2374 722 2422 quibus
741 2374 916 2424 Spencer.

263 2428 285 2466 l.
303 2427 326 2466 l.
344 2428 406 2475 ΙΙΙ,
427 2431 452 2469 3
465 2434 552 2465 sect.
571 2431 598 2470 2
613 2442 698 2479 pag.
716 2432 799 2472 788
812 2443 914 2479 seqq.

263 2484 385 2531 Idem,
415 2489 585 2522 monente
616 2485 706 2533 Cr.‚
734 2486 917 2535 hodieque

263 2541 384 2578 facere
402 2539 605 2590 Aegyptios
619 2546 798 2579 testantur
820 2541 918 2579 Galli

263 2596 362 2633 docti
389 2595 427 2632 in
462 2596 643 2649 Descript.
673 2598 722 2636 de
748 2597 917 2648 l'Eg.11

263 2664 350 2719 pag.
370 2652 465 2693 386·

322 2703 442 2754 ἄλλοις
480 2721 521 2746 τε
558 2708 758 2760 Qvantae
794 2706 919 2749 ἐπιτε-

265 2761 398 2802 λέουσι
435 2763 600 2816 μυρίας]
657 2765 714 2803 Ita
753 2765 919 2804 dedimus

265 2819 468 2868 Schweigh.
497 2821 621 2858 secuti.
665 2821 806 2871 Vulgo:
844 2837 920 2872 μυ-

269 2876 354 2927 ρίας
367 2874 605 2917 ἐπιτελέουσι
621 2878 763 2916 inverso
778 2879 918 2917 ordine.

979 1083 1039 1122 De
1068 1086 1282 1132 argumento
1315 1082 1409 1121 conf.
1442 1079 1636 1132 Porphyrii

979 1140 1096 1177 locum
1118 1139 1215 1177 laud.
1254 1139 1414 1187 Verbum
1443 1136 1635 1177 ἐπιτελεῖν

979 1196 1016 1233 in
1035 1197 1140 1234 rebus
1162 1195 1271 1233 sacris
1282 1194 1503 1246 peragendis
1523 1193 1637 1230 usita-

979 1257 1055 1290 tum
1099 1251 1350 1290 illustravimus
1398 1251 1448 1289 ad
1486 1250 1636 1288 Ctesiae

979 1310 1145 1376 fragmm.
1167 1321 1253 1359 pag.
1275 1307 1369 1349 436.

1038 1362 1128 1404 οὕτε
1148 1380 1182 1404 τι
1196 1361 1269 1417 γὰρ
1282 1366 1362 1403 τῶν
1376 1363 1543 1414 οἰκηΐων
1556 1361 1636 1415 τρί-

981 1421 1098 1473 βουσι
1119 1436 1154 1460 κ.
1175 1435 1206 1459 τ.
1226 1418 1281 1484 λ...]
1313 1421 1415 1458 Haec
1435 1420 1638 1457 diiudican-

982 1478 1029 1515 da
1046 1482 1129 1515 sunt
1140 1490 1184 1514 ex
1196 1477 1361 1515 universa
1371 1475 1636 1527 Aegyptiorum

981 1535 1210 1572 sacerdotum
1227 1532 1436 1570 conditione
1452 1537 1562 1582 atque
1581 1531 1637 1568 in-

981 1591 1117 1628 sfituto.
1148 1590 1290 1639 Cuique
1301 1589 1396 1627 enim
1410 1588 1546 1639 templo
1559 1600 1638 1625 am-

982 1646 1033 1698 pli
1054 1646 1186 1683 adiecti
1202 1650 1307 1683 erant
1326 1645 1450 1693 fundi,
1481 1657 1526 1683 ex
1545 1656 1639 1694 quo-

982 1716 1060 1740 rum
1073 1703 1191 1740 reditu
1207 1715 1394 1740 commune
1411 1699 1534 1751 templi
1551 1712 1640 1738 con-

983 1759 1074 1796 stitit
1096 1759 1294 1806 aerarium,
1322 1758 1377 1795 cui
1402 1757 1473 1807 ipsi
1492 1769 1588 1794 unus
1616 1769 1638 1795 e

984 1815 1234 1852 sacerdotibus
1261 1813 1440 1865 praefuit,
1470 1811 1492 1854 ὁ
1517 1827 1640 1879 γραμ-

985 1867 1171 1923 ματιστης
1189 1873 1271 1910 τοῖν
1292 1870 1389 1922 ἱρῶν
1414 1883 1638 1922 χρηματων,

983 1932 1024 1964 ut
1041 1940 1152 1991 supra
1167 1927 1212 1973 ΙΙ,
1235 1929 1288 1969 28
1309 1931 1468 1964 vocatur.
1496 1925 1554 1962 Ex
1571 1925 1641 1963 hoc

984 1984 1123 2021 aerario
1135 1984 1296 2020 omnium
1318 1983 1556 2028 sacerdotum,
1577 1981 1641 2032 qui

985 2041 1034 2077 ad
1059 2039 1234 2090 templum
1265 2040 1375 2077 hocce
1394 2039 1641 2090 pertinebant,

985 2100 1123 2132 sumtus
1156 2096 1401 2144 erogabantur
1414 2123 1426 2143 ,
1462 2095 1641 2146 ipsaeque

985 2152 1218 2189 sacerdotum
1260 2151 1417 2188 familiae
1457 2149 1639 2200 quofidia-

986 2221 1073 2245 num
1092 2208 1176 2244 inde
1195 2207 1418 2256 accipiebant
1437 2207 1580 2252 victum,
1598 2209 1641 2243 ut

985 2263 1073 2300 nihil
1096 2276 1116 2300 e
1136 2263 1286 2313 privatis
1316 2263 1446 2313 opibus
1466 2266 1565 2300 esset
1583 2262 1640 2299 in-

985 2320 1210 2356 sumendum.
1230 2318 1284 2355 Ac
1302 2323 1493 2369 praeterea
1512 2318 1640 2367 singu-

983 2374 1026 2412 lis
1046 2374 1293 2412 sacerdotibus
1312 2375 1474 2425 privatae
1493 2386 1640 2424 quoque

983 2444 1075 2481 opes
1098 2432 1212 2468 fuisse
1239 2431 1408 2468 videntur
1429 2434 1467 2469 et
1482 2429 1639 2481 peculia.

984 2487 1047 2524 Tu
1063 2487 1133 2524 vid.
1152 2487 1308 2524 Heeren.
1329 2487 1442 2525 Ideen
1461 2491 1526 2524 ete.
1544 2486 1591 2534 Π,
1611 2489 1640 2529 2

983 2555 1069 2593 pag.
1086 2544 1164 2584 132
1184 2542 1263 2580 coll.
1275 2543 1430 2581 Diodor.
1444 2542 1558 2590 Sie.I,
1572 2543 1639 2584 73.

982 2598 1096 2636 Unde
1125 2598 1213 2636 satis
1243 2605 1415 2650 apparet,
1444 2611 1540 2648 quae
1566 2598 1643 2636 sint

985 2651 1051 2706 ἱροὶ
1071 2650 1252 2707 χρήματα
1271 2655 1318 2703 ΙΙ,
1331 2658 1385 2698 28
1406 2659 1443 2694 et
1460 2667 1555 2705 quae
1568 2654 1604 2692 h.
1614 2653 1639 2692 l.

986 2711 1152 2748 dicantur
1178 2711 1280 2750 σιτία
1310 2709 1377 2764 ἱροὶ
1412 2706 1640 2762 πεσσόμενα

985 2767 1008 2804 i.
1028 2780 1060 2805 e.
1077 2768 1146 2805 cibi
1165 2769 1276 2815 coeti,
1304 2768 1367 2818 qui
1384 2781 1406 2806 e
1425 2767 1640 2818 templorum

985 2824 1125 2861 aerario
1161 2824 1410 2874 reditibusque
1443 2827 1641 2873 erogantur

985 2880 1234 2918 sacerdotibus
1258 2893 1456 2931 eorumque
1482 2879 1639 2918 familiis.
