1759 3324
353 253 440 294 286
750 251 1222 293 HERODOTI

191 375 290 421 113
428 362 650 418 ’Ἅρπαγος
667 362 746 418 μὲν
765 361 818 419 δη
835 360 915 406 τόν
936 361 1043 407 ἰθύν
1073 362 1226 419 ἔφαινε
1255 362 1403 420 λόγον.
1445 360 1618 408 Ἁστυά-
1630 371 1676 406 80

51 440 300 504 ffffiffisstf'm
355 460 435 500 γης
453 443 519 495 δὲ,
540 442 748 497 κρύπτων
773 442 851 486 τόν
880 443 924 486 οἱ
949 441 1110 499 ἐνείχεε·
1118 442 1248 499 χόλον
1265 443 1337 486 διὰ
1358 442 1406 486 τὸ
1427 441 1621 498 γεγονός,

353 526 506 579 πρῶτα
529 522 609 578 μὲν
629 521 820 576 κατάπερ
844 521 1006 577 ἤκουσε
1024 521 1155 573 αὐτὸς
1173 522 1282 577 πρὸς
1300 526 1380 566 τοῦ
1393 520 1618 578 βουκόλου

350 600 400 646 τό
422 605 613 658 πρῆγμα,
640 599 773 644 πάλιν
793 598 1000 654 ἀπηγέετο
1024 604 1087 657 τῷ
1100 599 1321 659 Ἁρπάγῳ·
1353 601 1459 657 μετά
1478 601 1538 654 δὲ,
1560 601 1620 653 ὥς.

352 683 398 725 οἷ
420 679 749 734 ἐπαλιλλόγητο,
776 677 1002 734 κατέβαινε
1019 680 1176 735 λέγων,
1205 679 1264 731 ὥς
1296 682 1514 736 ,,περιέστί
1530 697 1574 725 τε
1594 679 1618 724 ὁ

323 764 488 812 aaa&
502 789 512 808 ‚
533 759 603 802 καὶ
623 757 672 800 τό
693 756 873 812 γεγονὸς
895 757 976 813 ἔχει
994 762 1146 810 καλῶς.
1181 763 1253 815 Τῷ
1277 776 1321 804 τε
1338 760 1421 816 γὰρ
1441 775 1617 817 πεποιη-

349 838 520 896 ,,μένῳ,
542 838 624 893 ἔφη
643 837 781 892 λέγων
794 867 805 889 ,
833 835 876 887 ἐς
895 835 972 879 τὸν
1007 839 1144 881 παῖδα
1163 843 1323 881 τοῦτον
1341 838 1532 894 ἔκαμνον
1551 855 1619 896 με-
1631 845 1674 881 85
1738 844 1741 847 ’

352 951 377 970 ,,
390 916 558 974 γάλως,
591 917 665 960 καὶ
685 915 872 971 θυγατρὶ
893 919 946 973 τῇ
966 914 1046 972 ἐμῇ
1065 916 1399 973 διαβεβλημένος
1418 915 1501 961 οὐκ
1519 918 1566 962 ἐν
1581 918 1618 962 ἐ-

322 1003 344 1037 3
357 999 547 1054 ,,λαφρῷ
570 994 813 1052 ἐποιεύμην.
844 991 902 1045 ὠς
923 989 986 1037 ὦν
1005 998 1081 1051 τῆς
1099 993 1227 1053 τύχης
1246 990 1297 1039 εὖ
1314 995 1614 1053 μετεστεώσης,

350 1079 520 1129 »τοῦτο
560 1074 659 1131 μὲν,
714 1072 794 1118 τόν
822 1078 1016 1118 σεωυτοῦ
1041 1076 1177 1118 παῖδα
1209 1073 1472 1132 ἀπόπεμψον
1498 1075 1617 1132 παροὲ

350 1189 376 1209 ,,
385 1154 465 1199 τόν
484 1156 621 1199 παῖδα
637 1152 715 1198 τὸν
735 1153 947 1212 νεήλυδα·
977 1158 1111 1198 τοῦτο
1130 1155 1199 1208 δὲ,
1222 1156 1414 1211 (σῶστρα
1431 1153 1516 1212 γάρ
1537 1158 1620 1199 τοῦ

349 1233 544 1287 ,,παιδὸς
576 1233 716 1291 μέλλω
744 1233 875 1279 θύειν
902 1238 1018 1279 τοῖσι
1052 1237 1173 1279 θεῶν
1201 1233 1306 1292 τιμὴ
1348 1233 1457 1293 αὕτη
1486 1245 1618 1291 προσ·
1629 1240 1674 1276 90

468 1441 533 1480 ea
545 1455 584 1493 p.
614 1440 781 1480 cxvm.

347 1536 535 1593 κρύπτων
554 1536 624 1580 τόν
651 1539 692 1580 οἷ
713 1539 855 1591 ε’νείχεε
874 1534 949 1591 χό-

292 1598 389 1650 λον]
420 1598 629 1649 Stephanus
663 1598 710 1634 de
742 1610 808 1633 suo
831 1601 949 1633 muta-

291 1661 395 1693 verat
421 1654 544 1705 ἐνεῖχε
569 1653 672 1690 libris
699 1654 866 1690 omnibus
892 1653 948 1689 in-

290 1713 386 1749 vitis.
443 1711 513 1748 Est
543 1723 630 1747 vero
658 1709 797 1760 ε’νείχεε
823 1705 948 1758 utique

291 1769 427 1806 dictum
452 1780 520 1818 pro
543 1765 664 1816 ἐνεῖχε
681 1795 691 1813 ,
726 1771 767 1803 ut
794 1765 888 1815 ἕψεε
918 1765 947 1814 Ι,

293 1826 350 1866 48
364 1829 408 1881 „et
426 1821 554 1874 ὤφλεε
574 1822 682 1869 VIII,
704 1825 757 1864 26
789 1823 834 1859 ab
859 1821 946 1871 ἕψω

292 1886 330 1919 et
347 1882 505 1930 ὦφλον,
531 1884 704 1917 monente
723 1879 948 1916 Buttmanno

292 1938 341 1976 de
369 1938 461 1975 mira
497 1937 565 1974 hac
597 1935 776 1972 solutione
818 1935 947 1972 tertiae

289 2020 473 2059 personae
500 2007 538 2044 in
572 2020 610 2045 εε
636 2018 703 2056 pro
733 2008 751 2044 ἓ
783 2005 946 2042 Gramm.

294 2064 426 2101 Graec.
447 2063 532 2100 mai.
552 2061 587 2099 ΙΙ
604 2075 641 2112 p.
662 2064 727 2102 31.
759 2061 945 2110 Schweig-

290 2120 489 2157 haeuserus
515 2119 564 2155 ad
587 2118 837 2168 explicandam
868 2119 944 2154 for*

291 2189 387 2214 mam
413 2176 637 2224 cogitaverat
668 2175 715 2211 de
733 2175 844 2211 verbo
867 2172 946 2213 ἐνε-

290 2230 365 2283 χὲω
404 2232 492 2282 (pro
524 2229 676 2281 ἐνέχω),
708 2235 747 2267 ut
774 2230 945 2281 συμβαλ-

290 2287 365 2327 λὲω
394 2301 462 2338 pro
481 2283 715 2338 συμβάλλω,
744 2286 812 2323 alia
840 2287 945 2324 huius

290 2345 436 2394 generis
465 2344 613 2381 Ionibus
643 2356 732 2380 sane
759 2343 856 2380 haud
887 2344 944 2380 in-

287 2401 514 2450 frequentia,
567 2401 614 2438 de
656 2400 787 2449 quibus
834 2412 945 2450 supra

289 2458 362 2495 iam
380 2458 596 2495 monuimus.
616 2456 740 2494 ——De
758 2454 945 2508 κατέβαι-

288 2527 334 2553 νε
358 2515 455 2551 conf.
475 2514 522 2550 ad
544 2513 580 2561 l,
604 2515 685 2554 116
703 2513 763 2549 fin.
806 2513 848 2550 In
868 2514 945 2550 for-

288 2582 350 2608 ma
365 2564 644 2621 ἐπαλιλλόγητο
673 2569 801 2606 mirum
827 2581 944 2618 quan-

289 2631 367 2664 tum
388 2626 531 2664 codices
549 2625 709 2673 variant,
738 2638 807 2663 nec
822 2629 945 2662 tamen

289 2683 362 2731 ita,
401 2686 442 2719 ut
470 2682 670 2732 quidquam
697 2681 825 2719 melius
867 2681 944 2719 sive

290 2739 391 2789 quod
424 2739 472 2775 ad
513 2738 770 2775 accuratiorem
804 2738 943 2775 formae

289 2794 565 2845 intelligentiam
595 2794 796 2831 conducere
817 2797 941 2842 queat,

287 2853 375 2889 inde
424 2851 557 2888 elicias.
622 2849 865 2886 Buttmannus
902 2850 941 2886 in

290 2909 453 2947 Gramm.
463 2907 547 2947 mai.
567 2906 583 2944 1
597 2919 635 2958 p.
647 2907 729 2948 325
747 2904 845 2944 malit
858 2917 939 2945 eam

1016 1440 1066 1480 ad
1084 1440 1162 1478 illas
1184 1440 1339 1489 referre,
1379 1440 1418 1478 in
1444 1441 1576 1491 quibus
1611 1454 1670 1479 re-

1016 1498 1238 1549 duplicatum
1274 1502 1510 1548 augmentum
1544 1498 1672 1548 negle-

1015 1559 1109 1592 ctum
1138 1558 1206 1591 est.

1073 1609 1150 1661 ἔφη
1172 1608 1320 1663 λέγων]
1360 1611 1451 1648 mira
1480 1609 1672 1648 locutionis
1746 1627 1748 1629 ·

1015 1667 1262 1714 abundantia,
1299 1665 1439 1704 Nostro
1463 1667 1563 1704 haud
1586 1667 1671 1704 inu-

1016 1724 1134 1761 sitata.
1193 1724 1255 1760 Sic
1272 1723 1318 1770 V,
1337 1725 1403 1764 36.
1424 1724 1478 1764 50
1497 1727 1564 1761 etc.
1591 1722 1672 1761 coll.

1015 1778 1053 1826 I,
1097 1782 1190 1821 122.
1234 1780 1326 1821 125.
1387 1780 1496 1816 Conf.
1539 1779 1670 1817 Matth.

1016 1834 1053 1886 ἓ.
1071 1837 1153 1877 636
1187 1848 1274 1886 pag.
1296 1838 1416 1877 1310.
1444 1855 1501 1864 —
1529 1835 1572 1876 ln
1592 1848 1670 1884 seq.

1015 1888 1184 1941 κάμνειν
1203 1896 1259 1929 est
1278 1904 1382 1940 aegre
1404 1890 1526 1941 ferre,
1544 1891 1670 1939 dolere,

1013 1948 1172 1997 indeque
1201 1948 1360 1985 dativum
1380 1948 1434 1986 rei
1461 1947 1573 1986 habet
1600 1949 1668 1986 ad·-

1012 2004 1184 2041 iunctum.

1072 2055 1145 2099 ov’n
1184 2057 1235 2099 ἐν
1276 2058 1488 2114 ἐλαφρῷ
1516 2054 1671 2100 ἐποιεύ-

1015 2115 1120 2167 μην]
1159 2116 1182 2153 ὶ.
1213 2130 1244 2154 e.
1294 2116 1390 2153 haud
1431 2117 1554 2154 leviter
1588 2116 1668 2155 tuli.

1015 2173 1128 2216 Quod
1143 2186 1237 2210 unus
1249 2173 1360 2211 habet
1369 2173 1462 2212 liber
1472 2172 1669 2224 ἐλαφρῶς,

1013 2229 1053 2266 id
1082 2230 1212 2267 merito
1251 2229 1412 2279 glossam
1451 2234 1670 2267 censuerunt

1013 2286 1080 2322 viri
1114 2287 1223 2323 docti.
1280 2285 1430 2324 Laudat
1464 2285 1668 2325 wesselin-

1013 2342 1095 2391 gius
1114 2342 1223 2380 Dion.
1247 2342 1354 2379 Cass.
1378 2343 1433 2384 39
1460 2356 1497 2394 p.
1524 2342 1606 2384 114
1630 2346 1669 2380 et

1014 2400 1068 2441 58
1098 2412 1135 2450 p.
1156 2400 1250 2439 714.
1289 2397 1466 2437 Eiusdem
1492 2400 1571 2437 sere
1599 2411 1666 2447 ge-

1011 2455 1108 2493 neris
1136 2458 1213 2501 est,
1254 2455 1355 2503 quod
1383 2455 1478 2492 infra
1512 2454 1667 2504 legimus

1012 2511 1069 2559 II,
1094 2512 1172 2552 121
1199 2509 1236 2560 ἓ
1255 2514 1294 2550 4.
1324 2509 1394 2559 VI,
1416 2512 1487 2552 13:
1517 2509 1561 2551 ἐν
1580 2509 1665 2564 κέρ-

1013 2567 1076 2607 δεϊ
1088 2565 1309 2606 ἐποιεῦντο.

1079 2624 1232 2671 σῶστρα
1272 2617 1365 2674 γάρ
1408 2623 1483 2662 τοῦ
1520 2619 1666 2670 παιδδς

1011 2676 1137 2730 με’λλω
1167 2673 1314 2728 θύειν]
1354 2678 1462 2716 Hanc
1478 2678 1665 2718 meliorem

1009 2736 1200 2772 verborum
1222 2735 1388 2773 ordinem
1413 2748 1434 2773 e
1462 2735 1563 2773 libris
1592 2735 1660 2773 ad-

1009 2791 1176 2828 scivimus
1195 2804 1276 2828 cum
1296 2791 1465 2841 Schwgh.
1485 2795 1522 2829 et
1543 2791 1662 2829 Gaisf.

1009 2847 1130 2896 Vulgo
1155 2843 1231 2900 γάρ
1264 2847 1424 2897 positum
1460 2851 1539 2885 erat
1575 2852 1662 2899 post

1007 2899 1160 2954 παιδός.
1199 2905 1367 2959 Σώστρα
1395 2903 1445 2954 (s.
1466 2899 1660 2958 σωτήρια)
