1759 3324
528 266 952 306 EUTERPE.
1001 266 1046 304 Il.

1323 270 1408 309 715

120 381 195 424 Ξδὲ
230 378 443 434 πρότερον
473 376 623 427 αὐτός,
657 375 686 432 ἢ
715 374 906 427 οἰκούσας
935 376 1098 428 ἄλλων,
1128 375 1252 432 λέγω.
1283 370 1342 428 ὥς
1361 375 1407 420 δέ

147 476 220 514 μοι
253 458 299 501 ἐν
327 457 529 513 φροντίδι
559 454 749 510 ἐγένετο,
781 454 961 512 εἰρόμην
992 454 1289 512 ἀμφοτέρους·
1335 456 1407 498 καὶ

145 541 312 592 μᾶλλον
352 537 395 578 οἱ
424 533 584 590 Κόλχοι
614 534 841 590 ἐμεμνέατο
871 538 960 577 τῶν
989 536 1267 590 Αἰγυπτίων,
1305 532 1334 590 ἢ
1366 535 1463 577 οῑ25

116 614 378 670 3Αἰγύπτιοι
414 618 503 656 τῶν
533 612 726 669 Κόλχων.
768 615 957 670 νομίζειν
989 611 1033 657 δ’
1068 613 1238 668 ἔφασαν
1268 613 1406 669 Αἰγύ-

141 710 259 737 πτιοι
287 697 361 749 τῆς
389 693 665 748 Σεσώστριος
696 697 894 749 στρατιῆς
923 690 1035 736 εἶναι
1060 693 1163 744 τοὺς
1185 693 1403 749 Κόλχους·

144 771 275 824 αὐτὸς
304 773 349 816 δὲ
379 775 530 816 εἴκασα
559 775 683 829 τῇδε,
720 773 793 815 καὶ
824 771 888 815 ὅτι
934 770 1192 828 μελάγχροες
1222 774 1304 816 εἰσι
1333 773 1406 815 καὶ

115 851 404 908 4οὐλότριχες.
463 853 535 896 καὶ
574 856 705 895 τοῦτο
748 851 826 907 μὲν
857 851 898 902 ές
930 850 1061 894 οὐδὲν
1091 849 1261 908 ἀνήκει·

89 1059 201 1110 [Hine
219 1055 467 1099 οἷνᾶσπαστοι
491 1059 589 1109 apud
617 1059 738 1097 Hero-

87 1118 212 1154 dotum
232 1117 295 1165 III,
313 1119 378 1158 93.
402 1116 465 1163 IV,
484 1114 576 1157 204.
595 1116 640 1163 V,
656 1115 736 1166 12]

85 1173 168 1210 Hoc
187 1181 294 1224 pacto
314 1173 510 1210 translatos
524 1172 598 1209 vult
616 1173 739 1221 Aegy-

85 1230 181 1280 ptios
201 1229 411 1267 Colchidem
432 1229 469 1265 in
488 1233 644 1276 terram,
665 1231 739 1267 sive

87 1299 109 1322 a
126 1285 490 1323 Nabuchodonosoro
508 1286 582 1322 sive
601 1287 646 1322 ab
666 1286 737 1322 alio

86 1342 245 1391 quodam
282 1355 397 1390 rege,
438 1342 499 1390 qui
528 1340 736 1391 Aegyptum

85 1399 270 1447 quondam
291 1398 486 1447 subegerit.
516 1397 569 1435 Ac
587 1397 736 1435 Iudaeos

82 1456 202 1504 potius
240 1455 285 1491 ab
314 1454 542 1503 Assyriorum
574 1468 662 1503 rege
691 1468 736 1492 ex

84 1511 274 1558 Samaria,
333 1524 441 1560 quam
479 1510 681 1561 Aegyptios
714 1524 736 1548 a

85 1567 264 1614 Sesostri,
303 1567 387 1604 olim
425 1567 493 1604 huc
539 1568 733 1604 translatos

85 1637 184 1671 esse,
224 1624 297 1660 iam
333 1624 470 1660 dudum
499 1623 623 1661 Lucae
645 1624 737 1661 Hol-

87 1680 192 1717 stenii
219 1681 286 1717 fuit
315 1681 494 1718 sententia
527 1680 663 1730 (epist.
689 1681 737 1717 ad

86 1737 214 1774 divers.
239 1738 297 1774 ed.
316 1736 533 1774 Boissonad.
562 1751 599 1787 p.
620 1737 736 1783 510),

86 1793 198 1841 Syros
221 1793 377 1830 fortasse
408 1793 543 1840 fuisse,
572 1797 656 1843 post
676 1806 737 1831 ex-

83 1853 286 1898 pugnatum
330 1849 501 1886 Damasci
548 1849 737 1899 imperium

84 1906 153 1942 huc
170 1906 345 1942 deductos
357 1935 366 1953 ,
384 1906 583 1955 suspicatur
597 1906 737 1943 Micha-

67 1961 148 1998 -elis
179 1961 274 1999 Mos.
304 1962 432 2000 Recht.
473 1966 498 1998 t.
518 1962 568 1998 lv
596 1961 632 2013 ξ.
656 1961 735 2004 185

82 2030 170 2068 pag.
196 2020 246 2058 18
263 2022 338 2054 not.
397 2019 568 2056 Creuzer.
588 2020 635 2055 ad
652 2019 687 2056 h.
710 2018 733 2056 l.

84 2075 168 2111 olim
205 2074 436 2112 laudaverat:
488 2075 644 2113 Gesner.
686 2076 734 2112 ad

85 2130 201 2180 Orph.
231 2130 367 2179 Argon.
397 2130 492 2172 751.
550 2132 735 2170 Schoene-

84 2199 205 2224 mann.
228 2189 274 2225 de
294 2200 421 2237 geogr.
442 2186 583 2237 Argon.
612 2203 648 2240 p.
670 2188 733 2230 15.

88 2244 150 2284 18.
185 2239 377 2294 Sprengel.
403 2243 560 2294 Apolog.
583 2246 618 2282 d.
639 2246 735 2296 Hip-

84 2299 189 2349 pokr.
209 2313 245 2350 p.
258 2301 350 2341 588.
380 2301 492 2338 Corn.
505 2301 734 2339 Val.Vonck.

88 2356 230 2404 specim.
266 2357 340 2394 crit.
374 2370 460 2408 pag.
485 2360 537 2399 61
572 2372 649 2408 seq.
679 2381 734 2386 ——

84 2410 218 2450 Postea
238 2413 373 2450 exstitit
391 2414 538 2461 Ritter.,
569 2416 631 2464 qui
648 2415 735 2453 Col-

86 2467 171 2504 chos
198 2469 342 2508 minime
381 2471 592 2520 indigenam
625 2472 735 2510 habet

88 2528 255 2573 gentem,
295 2527 360 2564 sed
393 2527 569 2564 coloniam
597 2541 736 2566 merca-

88 2583 190 2617 turae
213 2582 249 2618 in
279 2596 381 2619 usum
410 2584 609 2622 institutam
630 2585 735 2622 illud-

89 2648 159 2684 que
189 2636 256 2674 hoc
278 2639 457 2676 Herodoti
488 2641 567 2678 loco
588 2642 735 2692 probari

89 2691 180 2738 vult,
204 2693 275 2731 vid.
304 2694 494 2733 Erdkund.
520 2698 555 2734 ΙΙ
581 2711 618 2748 p.
638 2701 731 2740 921.

90 2746 168 2783 Alio
202 2754 319 2787 autem
347 2751 427 2788 loco
454 2751 644 2801 (Vorhalle
672 2768 735 2792 eu-

90 2815 167 2852 rop.
189 2805 450 2845 Viilkerschaft.
473 2823 508 2859 p.
530 2810 733 2860 36-48)

91 2859 186 2896 idem
207 2861 260 2897 vir
281 2863 409 2901 doctus
441 2867 629 2916 copiosam
661 2869 734 2905 dis-

90 2916 310 2964 putationem
328 2919 491 2969 instituit,
512 2922 583 2972 qua
594 2924 736 2972 doceat,

1327 852 1407 895 εἰσὶ

806 1060 988 1097 Herodoti
1018 1061 1233 1098 sententiam
1262 1061 1308 1098 de
1337 1058 1461 1109 Aegy-

805 1117 926 1166 ptiaca
951 1117 1168 1154 Colchorum
1201 1117 1342 1165 origine
1379 1117 1461 1153 ido-

806 1173 881 1210 neis
901 1174 1124 1222 argumentis
1137 1187 1218 1210 esse
1236 1174 1459 1219 destitutam,

805 1230 996 1278 magisque
1034 1231 1225 1268 convenire
1262 1242 1305 1267 ex
1355 1229 1460 1265 India

806 1285 1023 1322 Colchorum
1073 1290 1240 1336 repetere
1288 1286 1458 1334 origines.

806 1342 913 1385 Quae
942 1343 1062 1392 qualia
1093 1344 1183 1389 sint,
1216 1342 1294 1379 aliis
1325 1342 1460 1378 diiudi-

805 1400 919 1435 canda
933 1399 1110 1448 relinquo.
1150 1399 1208 1435 Ad
1227 1398 1459 1435 Herodotum

803 1456 904 1503 quod
924 1456 1072 1503 attinet,
1112 1455 1192 1506 ipse
1214 1455 1267 1491 vir
1288 1455 1416 1491 doctus
1435 1454 1457 1491 l.

804 1511 826 1548 l.
858 1524 943 1561 pag.
964 1514 1018 1553 36
1044 1524 1146 1560 seqq.
1177 1511 1330 1548 aliorum
1358 1515 1460 1548 vete-

803 1581 881 1604 rum
902 1569 1117 1619 scriptorum
1150 1569 1196 1606 de
1220 1567 1366 1604 Colchis
1401 1572 1459 1605 te-

806 1625 976 1662 stimonia
996 1624 1166 1673 collegit3
1197 1637 1291 1673 quae
1311 1637 1390 1660 curn
1412 1624 1458 1661 ab

804 1680 995 1718 Herodoto
1016 1694 1090 1717 non
1109 1681 1347 1727 dissentiant,
1369 1693 1457 1717 con-

806 1741 960 1775 stantem
986 1741 1083 1774 certe
1115 1737 1340 1785 antiquitatis
1366 1736 1459 1773 hanc

804 1794 915 1831 fuisse
951 1796 1085 1831 famam
1116 1794 1372 1843 persuadent,
1420 1796 1459 1829 ut

806 1850 933 1887 Colchi
959 1864 1026 1900 pro
1054 1849 1319 1899 Aegyptiorum
1344 1850 1458 1898 stirpe

803 1907 1005 1944 habeantur
1027 1919 1048 1943 a
1060 1906 1219 1943 Sesostri
1237 1905 1352 1943 aliove
1367 1918 1458 1954 rege

803 1963 884 2000 illuc
908 1963 1067 2000 deducti.
1113 1963 1218 2006 Quae
1236 1962 1316 2012 ipsa
1335 1962 1457 2012 plures

803 2024 929 2056 nostra
955 2023 1074 2057 aetate
1105 2023 1386 2068 permoverunt,
1419 2022 1459 2055 ut

803 2076 839 2112 in
863 2075 1075 2113 Colchidem
1106 2075 1230 2124 utique
1253 2073 1457 2124 Aegyptios

802 2133 981 2181 quosdam
993 2145 1013 2169 a
1032 2133 1167 2169 victore
1177 2132 1457 2181 peregrino'pro

800 2189 861 2226 illo
898 2189 1126 2226 orientalium
1159 2200 1260 2224 more
1282 2217 1293 2235 ,
1348 2201 1458 2236 quem

802 2259 912 2296 supra
934 2245 1143 2294 attigimus,
1166 2257 1347 2294 quemque
1376 2245 1457 2294 ipse

800 2303 931 2340 Ritter.
962 2302 984 2339 l.
1001 2302 1024 2339 l.
1052 2315 1137 2352 pag.
1157 2303 1211 2342 38
1236 2314 1314 2350 seq.
1342 2300 1457 2351 pluri-

802 2360 870 2397 mis
897 2359 1113 2409 comprobat
1150 2357 1347 2408 exemplis,
1382 2362 1456 2394 tra-

802 2416 930 2454 ductos
949 2429 1031 2453 esse
1054 2418 1265 2452 statuerent.

861 2468 1026 2525 εἰρόμην
1049 2467 1323 2523 ἀμφοτέρους]
1384 2470 1457 2514 Qui

802 2528 902 2567 locus
922 2529 1056 2577 insigni
1075 2532 1130 2565 est
1139 2527 1457 2575 documento,He-

802 2587 971 2622 rodotum
990 2586 1108 2636 ipsum
1137 2583 1355 2621 Colchorum
1380 2587 1455 2621 ter-

803 2655 879 2679 ram
900 2642 1108 2691 Phasinque
1138 2641 1287 2678 fluvium
1308 2640 1456 2687 vidisse,

800 2703 842 2735 ut
870 2699 965 2736 bene
994 2701 1121 2736 monet
1147 2697 1274 2746 Heyse
1301 2700 1455 2746 quaestt.

801 2755 967 2793 Herodd.
990 2769 1026 2806 p.
1047 2753 1128 2796 104
1149 2767 1225 2803 seq.

857 2811 924 2850 καὶ
942 2808 1002 2851 ’ὅτι
1030 2805 1265 2862 μελάγχροές
1288 2810 1363 2850 εἶσι
1389 2808 1456 2848 καὶ

804 2863 1055 2920 ου’λότριχες]
1088 2864 1322 2920 μελάγχροες
1351 2867 1457 2904 mini-

802 2938 861 2963 me
884 2928 967 2962 sunt
993 2925 1088 2971 atri,
1118 2925 1206 2970 sed,
1238 2927 1278 2960 ut
1297 2923 1347 2961 ait
1368 2922 1455 2960 Am-
