1814 3315
277 954 342 1002 75

71 1021 212 1093 ξέἓὲῗῐιιέῐ
239 1022 348 1058 flaiym
406 1008 574 1053 ἑωυτοῦ
603 1006 937 1066 μητροπάτορα,
969 1007 1371 1064 καταστρεψάμενος
1400 1008 1492 1064 ἔσχε
1523 1005 1575 1052 δι’
1607 1009 1724 1051 ‹xz-40

408 270 490 310 192

798 264 1267 306 HERODOTI

405 374 631 421 Ἀλυάττεα
662 372 746 430 γὰρ
778 373 974 431 ἔγνωσαν
1003 376 1160 420 δοῦναι
1189 375 1270 432 τήν
1297 374 1520 431 θυγατέρα
1544 372 1666 431 Ἀρύ-

407 471 506 512 ηνιν
539 451 765 508 Ἀστυάγεϊ
801 458 863 512 τῷ
893 454 1131 511 Κυαξάρεω
1167 456 1303 499 παιδί.
1364 454 1468 499 ἄνευ
1496 453 1583 510 γάρ
1616 452 1723 498 οΞ-35

407 534 614 590 ναγκαίης
658 534 838 589 ἰσχυρῆς
871 533 1102 591 συμβάσιες
1138 535 1311 590 ἰσχυραὶ
1351 533 1433 578 οὐκ
1465 533 1667 577 ἐθέλουσι

380 611 658 669 Θσυμμένειν.
705 610 864 667 ’Ὀρκια
893 613 939 656 δὲ
967 612 1156 657 ποιέεται
1190 618 1327 657 ταῦτα
1366 613 1419 656 τὰ
1449 613 1579 657 ἔθνεα
1611 612 1666 656 τά

404 709 482 747 περ
513 707 557 735 τε
581 690 786 747 ‘'EM-meg
797 707 806 716 ·

864 692 940 735 καὶ
984 691 1098 747 πρός
1136 690 1353 739 τούτοισι,
1393 692 1524 736 ἐπεὰν
1560 691 1667 742 τούς

405 772 645 828 βραχίονας
676 769 963 824 ἐπιτάμωνται
993 771 1036 823 ἐς
1064 771 1145 828 τήν
1174 771 1451 828 ὁμοχροιΐην,
1481 771 1530 815 τὸ
1560 768 1667 827 αἷμα

406 849 683 906 ἀναλείχουσι
712 848 920 906 ἀλλήλων.

525 933 696 974 Τοῦτον
734 928 786 986 δὴ
826 924 890 972 ὧν
927 927 1005 973 τόυ
1041 927 1277 985 Ἀστυάγεα
1319 931 1489 984 Κῦρος,
1537 928 1666 973 ἐόντα

372 1091 499 1146 Ξτίην
527 1088 607 1145 τὴν
636 1087 719 1145 ἐγώ
759 1087 807 1131 ἐν
832 1092 943 1131 τοῖσι
974 1086 1113 1132 ὀπίσω
1144 1087 1315 1144 λόγοισι
1344 1086 1556 1145 σημανέω.
1610 1086 1667 1131 τοὶ

342 1183 345 1185 ·
402 1171 598 1223 Κροῖσος
628 1165 976 1224 ἐπιμεμφόμενος
1005 1172 1065 1223 τῷ
1077 1166 1237 1227 Κύρῳ,
1269 1168 1313 1219 ἔς
1341 1183 1386 1211 τε
1416 1168 1470 1211 τὰ
1487 1164 1668 1224 χρηστή-

403 1264 478 1303 ρια
511 1247 687 1303 ἔπεμπε,
719 1249 756 1291 εἰ
786 1247 1067 1304 στρατεύηται
1097 1248 1167 1291 ἐπὶ
1196 1246 1393 1302 Πέρσας,
1424 1247 1498 1291 καὶ
1520 1246 1574 1302 δή
1595 1247 1669 1291 καὶ

407 1325 677 1383 ἀπικομένου
705 1331 901 1383 χρησμοῦ
930 1325 1173 1384 κιβδήλου,
1221 1326 1396 1378 ἐλπίσας
1424 1324 1534 1380 πρὸς
1563 1325 1668 1369 ἑωυ-

405 1409 487 1449 τοῦ
515 1407 592 1449 τὸν
619 1405 814 1463 χρησμόν
843 1405 978 1459 εἶναι,
1021 1404 1296 1462 ἐστρατεύετο
1328 1406 1371 1457 ἐς
1398 1404 1477 1462 τὴν
1508 1405 1668 1459 Περσέ-

378 1493 474 1529 3ων
503 1490 676 1542 μοῖραν.
731 1484 806 1539 Ὡς
837 1486 884 1531 δὲ
913 1484 1089 1531 ἀπίκετο
1119 1485 1190 1530 ἐπὶ
1217 1484 1296 1530 τὸν
1314 1482 1448 1529 ’Ἅλυν
1467 1482 1667 1541 ποταμόν
1678 1487 1724 1526 45

404 1702 480 1746 οὐκ
506 1704 690 1746 ἐθέλουσι
707 1703 949 1756 συμμένειν]
974 1705 998 1743 i.

349 1776 381 1801 e.
424 1776 493 1800 uon
539 1778 556 1800 s
568 1763 687 1800 olent
717 1764 829 1813 firma
865 1774 1001 1800 manere

347 1819 513 1870 (pacta).
570 1819 669 1857 Nam
688 1817 842 1858 ἐθέλειν
860 1832 935 1856 non
953 1819 1001 1856 de

348 1877 517 1926 personis
535 1876 670 1923 solum,
687 1889 811 1914 verum
827 1877 873 1914 de
892 1875 1000 1913 rebus

346 1945 495 1982 quoque
507 1936 720 1983 usurpatur,
740 1933 800 1969 ubi
821 1935 877 1970 est
886 1943 999 1982 posse,

348 1989 464 2026 solere.
504 1989 564 2027 De
583 2002 654 2038 quo
678 1988 742 2026 Cr.
763 1990 903 2026 confert
921 1987 1000 2024 Ast.

347 2046 397 2082 ad
415 2046 555 2082 Platon.
575 2045 669 2083 Rem
683 2044 780 2095 publ.
806 2058 891 2094 pag.
905 2044 999 2085 423.

349 2101 443 2143 548.
491 2101 745 2150 VVyttenbach.
784 2102 832 2138 ad
859 2100 1000 2137 Platon.

348 2157 537 2195 Phaedon.
556 2170 641 2208 pag.
654 2157 747 2199 272.
766 2179 823 2184 -
842 2157 884 2193 In
896 2169 999 2205 seqq.

349 2214 399 2251 ad
426 2215 536 2252 verba
573 2210 698 2262 τάπερ
734 2227 784 2251 τε
811 2209 1002 2263 ’Ἕλληνες

348 2271 483 2307 consul.
503 2269 634 2307 Matth.
667 2270 732 2306 Gr.
755 2270 820 2306 Gr.
850 2268 886 2320 §.
919 2272 1001 2310 626

345 2339 433 2389 Eg·
458 2329 565 2368 1279
596 2327 642 2363 ob
671 2339 776 2362 usum
806 2325 1002 2376 particulae

347 2411 389 2436 τε
411 2400 496 2447 post
514 2396 683 2443 relativa,
700 2409 743 2433 ex
754 2395 918 2433 Homero
940 2394 1002 2444 qui

348 2454 399 2490 ad
416 2453 647 2490 Herodotum
666 2451 818 2488 transiit.

402 2535 443 2582 ἒς
463 2532 536 2586 τήν
558 2533 800 2586 ὁμοχροιΐην]
822 2532 1002 2586 ὅμοχροι-

347 2593 414 2643 ΐη,
441 2592 642 2642 explicante
663 2591 921 2640 VVesselingio',
946 2594 1003 2628 est

346 2651 438 2686 cutis
467 2649 684 2698 superficies,
731 2649 823 2684 cutis
855 2659 999 2684 summa.

345 2705 449 2743 Idem
469 2704 639 2741 Tacitum
660 2705 799 2742 confert
826 2703 933 2740 simili
963 2703 1000 2740 in

344 2762 416 2799 ritu
437 2761 652 2798 scribentem
669 2759 805 2807 (Anall.
817 2759 901 2805 ΧΠ,
913 2759 999 2807 47);

346 2817 447 2866 „levi
494 2817 566 2853 ictu
603 2829 765 2853 cruorem
813 2814 999 2853 eliciunt.“

345 2873 442 2911 Add.
465 2872 644 2911 Herodot.
666 2871 730 2921 lV,
747 2874 812 2913 70.

1252 1704 1284 1743 C
1295 1717 1359 1756 ap.
1383 1703 1538 1743 LXXV.

1123 1784 1198 1840 τήν
1220 1786 1298 1841 ἐγώ
1325 1788 1367 1830 ἐν
1382 1793 1485 1830 τοῖσι
1505 1785 1636 1829 ὀπίσω
1655 1784 1722 1829 λό-

1069 1857 1175 1898 γοισι
1204 1845 1412 1897 σημανέω]
1461 1842 1555 1893 τούς
1598 1839 1723 1886 ὀπίσω

1069 1898 1212 1955 λόγους
1242 1903 1396 1941 solemni
1427 1904 1526 1954 apud
1552 1903 1724 1940 Herodo-

1069 1963 1144 1996 tum
1164 1960 1298 1996 citandi
1317 1960 1469 2008 ratione,
1493 1958 1656 2008 intellige
1674 1959 1723 1996 de

1067 2015 1132 2062 iis,
1162 2028 1257 2064 quae
1286 2017 1380 2053 infra
1409 2020 1625 2064 narrantur,
1653 2015 1724 2052 hoc

1066 2073 1148 2123 ipso
1171 2072 1261 2109 libro
1289 2086 1368 2123 cap.
1390 2075 1469 2114 107
1489 2085 1593 2122 seqq.

1124 2127 1160 2167 εἰ
1179 2125 1455 2180 στρατεύηται]
1497 2129 1604 2166 Conf.
1632 2131 1724 2166 nott.

1069 2184 1118 2221 ad
1138 2184 1177 2231 Ι,
1201 2185 1266 2226 53.
1326 2185 1383 2222 Ex
1400 2198 1472 2235 quo
1491 2189 1606 2236 patet,
1626 2185 1724 2223 male

1068 2245 1155 2291 post
1176 2240 1334 2294 Πέρσας
1363 2255 1385 2279 a
1402 2242 1618 2291 quibusdam
1636 2241 1724 2278 addi

1071 2296 1275 2347 εἰρωτὲων.
1294 2320 1351 2326 -
1367 2298 1427 2336 De
1436 2311 1525 2336 voce
1536 2298 1724 2350 κίβδηλος

1069 2354 1163 2390 conf.
1184 2358 1274 2391 nott.
1294 2355 1343 2391 ad
1360 2354 1377 2391 I
1388 2384 1399 2402 ,
1421 2357 1487 2396 66.

1125 2407 1287 2457 ἐλπίσας
1340 2408 1469 2461 πρὸς
1524 2408 1726 2450 ἑωυτοῦ

1068 2460 1135 2504 τὸν
1163 2463 1341 2516 χρησμόν
1372 2463 1537 2513 εἶναι]
1567 2467 1590 2504 i.
1611 2480 1641 2504 e.
1661 2479 1725 2503 ra·-

1069 2524 1128 2557 ΐας
1145 2522 1214 2559 είόί
1227 2522 1356 2572 favere
1376 2522 1564 2560 oraculum.
1622 2521 1722 2560 Nam

1796 2348 1801 2461 ἐ

1793 2519 1797 2576 Ι

1070 2573 1173 2616 εἶναι
1193 2575 1292 2629 πρός
1309 2593 1417 2626 τινος
1433 2581 1490 2616 est
1505 2579 1550 2615 ab
1567 2578 1723 2616 alicuius
1792 2596 1794 2619 ;

1062 2634 1229 2684 partibus
1243 2638 1336 2671 stare
1346 2665 1356 2682 ‚
1368 2636 1481 2672 alicui
1490 2634 1619 2684 favere
1631 2637 1725 2672 εἱειε-
1790 2627 1793 2666 ,³

1069 2703 1134 2740 que
1159 2691 1341 2728 commodis
1370 2691 1553 2729 consulere.
1612 2692 1722 2729 conf.

1067 2759 1116 2784 ne
1134 2747 1237 2797 plura
1253 2746 1382 2786 Matth.
1396 2749 1461 2786 Gr.
1476 2748 1541 2784 Gr.
1553 2761 1590 2798 p.
1601 2751 1722 2790 1178.

1067 2824 1123 2831 -—
1142 2803 1184 2839 ln
1205 2816 1309 2853 seqq.
1337 2819 1417 2843 cum
1437 2804 1556 2842 Gaisf.
1583 2818 1604 2842 e
1621 2805 1724 2842 meli-

1068 2859 1191 2896 oribus
1210 2859 1309 2900 libris
1331 2862 1478 2914 reposui
1489 2864 1636 2914 μοῖραν
1653 2874 1723 2913 pro
1784 2868 1787 2887 ¹

1067 2914 1227 2968 μοίρην.
