1777 3324
515 257 1037 300 EUTERPE.II.
1313 259 1395 297 841

138 375 428 432 ἀλλόγλωσσοι
455 371 808 425 κατοικίσθησαν.
866 367 908 419 ἐξ
940 362 1001 410 ὧν
1033 365 1078 409 δὲ
1107 363 1395 420 ἐξανέστησαν
1409 371 1452 405 65

137 455 312 510 χώρων,
352 452 398 495 ἐν
434 449 628 493 τούτοισι
668 447 721 504 δή
764 448 811 491 οἵ
836 463 880 490 τε
917 445 1039 489 ὁλκοὶ
1069 451 1156 488 τῶν
1184 448 1297 486 νεῶν
1325 445 1398 485 καὶ
1459 447 1538 485 180

137 532 191 576 τὰ
229 532 392 586 ἐρείπια
433 532 520 572 τῶν
573 526 821 583 οἰκημάτων
857 527 906 569 τὸ
954 526 1075 580 μέχρι
1125 525 1229 580 ἐμεῦ
1268 519 1395 580 ἦσαν.

145 612 411 666 Ψαμμίτιχος
448 607 527 663 μέν
556 623 640 649 νυν
671 605 786 650 οὕτω
819 605 908 660 ἔσχε
939 603 1018 660 τήν
1048 606 1287 659 Αἴγυπτον.

15 690 114 739 155
253 692 343 731 Τοῦ
390 688 435 730 δὲ
479 686 740 742 χρηστηρίου
787 688 867 727 τοῦ
916 684 962 727 ἐν
1009 683 1215 740 Αἰγύπτῳ
1262 682 1404 726 πολλὰ
1459 682 1595 721 hamme

1459 716 1521 742 lum
1538 724 1569 742 ln

136 766 413 824 ἐπεμνήσθην
450 765 566 822 ἤδη,
624 765 697 808 καὶ
739 763 791 820 δὴ
840 762 974 817 λόγον
1013 763 1111 817 περὶ
1162 760 1300 805 αὐτοῦ
1342 761 1401 812 ὡς
1460 753 1501 777 ‘⁰'

106 845 265 899 Ξᾶξίου
294 846 442 896 ἐόντος
471 843 724 901 ποιήσομαι.
782 843 830 886 τὸ
859 842 943 898 γὰρ
982 840 1242 898 χρηστήριον
1271 845 1401 884 τοῦτο
1414 847 1459 880 70

137 927 186 970 τὸ
215 927 261 970 ἐν
290 924 520 983 Αἰγύπτῳ,
553 924 641 967 ἔστι
669 923 749 979 μὲν
785 926 958 978 Λητοῦς
988 922 1106 975 ἱρὸν,
1151 921 1197 964 ἐν
1227 918 1327 964 πόλι
1357 920 1402 964 δὲ

138 1003 302 1062 μεγάλῃ
344 1004 604 1059 ἱδρυμένον,
649 1000 760 1046 κατὰ
795 1002 845 1044 τὸ
887 999 1207 1057 Σεβεννυτικόν
1249 1000 1403 1044 καλεό-

139 1101 273 1140 μενον
304 1084 442 1140 στόμα
471 1087 553 1126 τοῦ
584 1083 774 1134 Νείλου,
826 1077 1090 1123 ἀναπλέοντι
1120 1077 1207 1123 ἀπὸ
1236 1079 1404 1124 θαλάσ-

112 1171 226 1218 3σης
256 1162 358 1207 ἄνω.
410 1162 582 1217 οὕνομα
613 1160 659 1204 δὲ
688 1163 744 1217 τῇ
772 1160 873 1203 πόλι
903 1157 1039 1215 ταύτῃ
1080 1158 1190 1203 ὅκου
1221 1158 1271 1202 τό
1302 1177 1404 1215 χρη-

142 1241 321 1298 στήριόν
351 1243 463 1294 ἐστι,
493 1239 669 1293 Βουτώ,
701 1237 761 1291 ὥς
790 1239 865 1283 καὶ
892 1238 1109 1293 πρότερον
1139 1237 1405 1294 οὐνόμασταί
1417 1246 1462 1279 75

113 1326 232 1378 4μοι.
280 1321 378 1376 ἷρόν
411 1321 456 1364 δέ
486 1320 574 1364 ἐστι
603 1319 650 1363 ἐν
689 1322 742 1376 τῇ
773 1322 938 1362 Βουτοῖ
972 1317 1110 1375 ταύτῃ
1138 1316 1408 1370 ’Λπόλλωνος

142 1402 215 1445 καὶ
241 1399 496 1457 Ἀρτέμιδος.
555 1400 629 1443 καὶ
659 1398 683 1443 ὅ
712 1415 758 1454 γε
788 1398 891 1454 νηὸς
920 1400 997 1453 τῆς
1033 1400 1227 1454 Λητοῦς,
1270 1398 1319 1441 ἐν
1347 1402 1410 1456 τῷ

145 1480 197 1536 δή
228 1479 276 1524 τὸ
308 1478 569 1536 χρηστήριον
597 1479 660 1522 ἔνι
683 1511 695 1532 ,
745 1475 879 1529 αὐτός
907 1493 952 1521 τε
987 1476 1190 1533 τυγχάνει
1219 1476 1305 1521 ἐών
1333 1478 1408 1535 με’-

149 1674 191 1714 οἵ
215 1689 255 1714 τε
279 1673 386 1715 ὁλκοὶ
417 1678 498 1715 τῶν
527 1676 648 1727 νεῶν]
681 1674 742 1716 ὁλ-
868 1671 1009 1715 Βουτώ
1029 1703 1040 1723 ,
1080 1672 1135 1722 οἷς
1173 1673 1241 1714 καὶ
1278 1670 1471 1727 πρότερον

91 1731 158 1772 noi.
196 1732 344 1769 navalia
382 1737 498 1780 sunt,
544 1733 745 1784 interprete
815 1727 1059 1782 οὕνόμασταί
1079 1729 1160 1783 μοι]
1193 1733 1301 1770 Conf.
1330 1733 1384 1780 ΙΙ,
1403 1733 1470 1774 59.

93 1788 365 1838 ννθεεείἰοςίο,
397 1790 458 1838 qui
479 1786 620 1836 ὁλκούς
650 1790 687 1826 in
705 1803 746 1827 re
814 1791 879 1831 63.
907 1791 972 1830 83.
997 1789 1088 1829 133.
1147 1788 1248 1836 Alia,
1277 1790 1313 1826 in
1335 1791 1467 1839 quibus

93 1845 239 1882 nautica
269 1859 349 1883 esse
379 1846 486 1883 docet
511 1845 669 1883 rudentes
698 1846 747 1883 ad
813 1846 1042 1896 potissimum
1068 1845 1259 1882 Strabonis
1283 1846 1349 1883 loc.
1366 1846 1470 1883 XVII

93 1914 199 1940 naves
222 1902 412 1939 trahendas
437 1902 605 1951 (ligneos
635 1903 747 1953 cylin-
814 1916 900 1953 pag.
925 1904 1007 1943 802
1039 1915 1103 1939 seu
1134 1903 1260 1949 1153,
1290 1902 1348 1949 D,
1386 1903 1473 1940 citat

95 1960 194 2004 dros,
214 1958 345 2007 quibus
367 1971 478 1996 naves
498 1961 534 1996 in
554 1963 651 1997 terra
662 1973 748 2010 pro-
817 1958 1088 1995 Schlichthorst.
1106 1957 1127 1993 l.
1148 1957 1170 1994 l.
1192 1972 1278 2009 pag.
1297 1962 1362 2000 67.
1392 1960 1474 1995 Sita

94 2018 330 2061 moveantur,
368 2016 406 2052 in
436 2028 536 2053 mare
564 2017 750 2053 deducan-
817 2016 907 2052 haec
922 2016 1021 2060 nrbs,
1044 2028 1139 2063 quae
1156 2016 1201 2052 ab
1221 2015 1291 2052 alia
1311 2016 1477 2053 eiusdem

95 2075 153 2108 tur
172 2075 281 2119 atque
305 2072 436 2110 exinde
457 2073 748 2122 subducantur),
818 2071 974 2108 nominis
997 2071 1080 2119 (ΙΙ,
1100 2072 1175 2119 75)
1207 2072 1323 2122 probe
1347 2076 1402 2109 est
1423 2073 1477 2108 di-

95 2132 173 2164 tum
198 2140 285 2164 vero
319 2142 402 2166 esse
440 2129 615 2176 navalia,
659 2134 753 2167 teste
820 2129 1061 2177 stingue11da‚
1121 2129 1170 2164 ad
1217 2128 1478 2166 occidentalem

96 2183 256 2233 Hesych.
279 2198 307 2221 s.
329 2198 362 2222 v.
393 2185 472 2222 coll.
506 2186 619 2223 schol.
647 2185 754 2223 Thu-
819 2185 921 2222 fluvii
952 2185 1189 2233 Sebennytici
1215 2185 1332 2236 ripam
1361 2198 1479 2236 prope

97 2241 218 2288 cydid.
249 2240 321 2288 111,
350 2242 419 2283 25.
476 2242 566 2280 Inde
602 2243 752 2280 verbum
820 2242 936 2279 lacum
951 2241 1132 2289 Buticum,
1152 2241 1198 2279 de
1214 2255 1286 2291 quo
1307 2242 1380 2279 vid.
1400 2246 1478 2278 not.

99 2299 285 2336 νεωλκεῖν
307 2298 513 2345 (subducere
529 2299 668 2348 naves),
693 2313 755 2337 cu-
823 2299 873 2336 ad
904 2297 959 2345 ΙΙ,
984 2298 1075 2339 156.
1125 2297 1167 2335 In
1195 2299 1343 2336 australi
1375 2298 1480 2335 huius

102 2352 157 2390 ius
176 2353 348 2392 admonet
376 2356 579 2405 Schweigh.
611 2357 659 2393 ad
678 2357 714 2393 h.
730 2356 754 2394 l.
825 2355 922 2392 lacus
946 2359 1054 2405 parte
1078 2354 1196 2392 adhuc
1225 2356 1394 2406 dispersa
1414 2368 1482 2405 per

158 2435 225 2476 καὶ
243 2435 291 2477 τά
311 2434 657 2492 ἐρείπια-ἦσαν]
671 2440 757 2478 Vid.
824 2411 1484 2506 Ξῗζῗέἶῗ.(ἷέἷῗῗέεἳέἒῖῗὲἳῗῗῖἓῖ

105 2492 235 2531 Matth.
260 2496 325 2533 Gr.
351 2497 416 2534 Gr.
441 2510 527 2548 pag.
550 2498 630 2540 599
654 2511 759 2548 seqq.
826 2524 941 2561 kund·
963 2523 979 2560 I
1006 2537 1043 2575 p·
1063 2497 1157 2565 8'22·
1215 2525 1331 2563 Vetus
1360 2524 1484 2573 Aegy-

107 2547 145 2600 §-
164 2551 256 2592 300·
828 2581 988 2632 ptiacum
1021 2594 1156 2618 nomen
1191 2582 1291 2619 urbis
1330 2580 1485 2618 Ple'naffl

831 2638 908 2675 sive
944 2637 1095 2674 Ρίόηέΐό
1137 2638 1252 2676 fuisse
1298 2638 1486 2676 contendit

309 2664 419 2716 Gap*
449 2665 562 2703 CLV‘
830 2694 1035 2743 Champoll.
1062 2693 1156 2743 l‘Eg.
1186 2708 1271 2732 sous
1297 2694 1350 2733 les
1380 2695 1483 2745 phar.

165 2743 289 2786 πολλοὶ
341 2745 603 2801 ἐπεμνήσθην
655 2748 758 2801 ἤδη]
828 2750 862 2786 ΙΙ
889 2764 927 2801 p.
947 2753 1028 2792 227
1047 2764 1150 2800 seqq.

113 2800 219 2839 Conf.
243 2803 298 2850 11,
319 2806 372 2845 83
400 2806 478 2843 coll.
513 2806 566 2854 II,
600 2809 662 2847 18.
693 2807 759 2848 55.
887 2802 1009 2853 αὕτός
1034 2822 1074 2845 τε
1104 2802 1288 2858 τυγχάνει
1315 2803 1390 2846 {aiv
1422 2804 1486 2856 μὲ-

116 2857 195 2899 152
214 2862 280 2896 ete.
310 2882 364 2887 —
395 2861 454 2899 De
471 2862 547 2900 Nili
573 2863 666 2900 ostio
694 2863 760 2900 Se-
830 2862 918 2915 γας]
951 2863 1037 2911 „De
1057 2864 1309 2912 magnitudine
1327 2862 1487 2912 templo-

115 2911 291 2964 bennytico
309 2917 381 2954 vid.
400 2931 540 2955 excurS.
565 2919 614 2956 ad
629 2919 676 2967 11,
698 2923 761 2960 17.
830 2932 910 2956 rum
955 2918 1219 2970 Aegyptiorum
1239 2947 1251 2966 ‚
1309 2919 1486 2956 scalarum

1630 688 1734 706 oracu-

1589 714 1660 741 urbe
1673 714 1731 741 Bu.
