1759 3324
11 401 142 421 011111111Πὶ
159 400 289 420 ‘'nmmu-

12 436 83 455 neS-

10 460 291 523 ξ’ὲῗῖἷῶξέαῑξᾛὲῗ
320 459 634 515 fidufxdsoevot,
667 457 790 515 αἶγας
819 457 998 501 θύουσι

11 529 162 589 ξὲηῗειιῑ,
179 531 291 566 etqua-

11 596 77 622 tina

12 628 195 656 Ammoniou.

341 274 425 314 578
757 267 1224 308 HERODOTI

151 427 198 454 lh
221 427 256 453 ba
343 384 483 438 νομοῦ
502 383 583 424 τοῦ
605 381 801 437 Θηβαίου
820 379 921 429 εἶσὶ,
953 372 1075 421 οὗτοι
1098 376 1176 432 μέν
1205 391 1289 418 νυν
1318 374 1476 425 πάντες
1499 371 1605 417 ὀΐων
1618 381 1662 415 15

201 435 218 453 e
259 426 290 453 ni
1056 456 1190 506 θεοὺς
1218 455 1301 509 γὰρ
1333 454 1385 509 δὴ
1416 452 1471 497 οὐ
1501 453 1606 504 τοὺς

129 562 187 587 iter
213 560 293 587 arie-
350 538 513 590 αὐτούς
550 538 734 587 ἅπαντες
764 536 924 591 ὁμοίως
963 534 1194 590 Αἰγύπτιοι
1228 535 1454 586 σέβονται,
1494 533 1607 588 πλὴν

119 594 186 621 acie
211 593 293 630 apud
435 617 445 632 ,
633 617 642 630 ,
677 614 686 629 ,
760 616 769 630 r
972 614 980 626 2
1088 613 1097 626 η
1205 612 1214 625 ι
1418 611 1435 617 -
1572 613 1581 627 ι

336 618 473 669 Ἴσιος
502 633 544 660 τε
573 633 645 659 και
690 618 891 667 Οσιριος,
937 631 1014 658 τον
1045 616 1097 669 δη
1129 620 1355 657 Διονυσον
1395 618 1507 656 εἰναι
1536 618 1606 655 λε-

313 706 500 753 3γουσι·
539 693 725 744 τούτους
755 694 800 736 δὲ
831 694 990 748 ὁμοίως
1022 693 1208 742 ἅπαντες
1246 692 1456 746 σέβονται.
1508 692 1605 736 ὅσοι

342 776 388 819 δὲ
418 777 497 817 τοῦ
531 773 762 827 [Λένδητος
792 771 987 827 ἔκτηνται
1018 770 1136 824 ἱρὸν,
1167 769 1354 824 ἢνομοῦ
1373 774 1454 814 τοῦ
1480 775 1605 813 Μεν-

344 854 498 908 δησίου
529 851 631 902 εἰσὶ,
664 844 788 893 οὗτοι
818 851 863 893 δὲ
896 851 1031 905 αἰγῶν
1061 847 1341 904 ἀπεχόμενοι,
1372 849 1436 900 ὄϊς
1464 848 1662 893 θύου-20

311 936 395 975 4σι.

343 1009 595 1065 ἆπὲχονται,
644 1007 717 1051 διὰ
755 1007 856 1050 τάδε
893 1008 1069 1063 λέγουσι
1097 1006 1175 1049 τὸν
1203 1005 1342 1060 νόμον
1371 1006 1496 1050 τόνδε
1527 1018 1606 1062 σφι

457 933 642 986 Θηβαῖοι
671 928 750 984 μέν
787 945 895 980 νυν,
944 929 1016 971 καὶ
1048 927 1145 970 ὅσοι
1185 927 1256 970 διά
1286 927 1471 978 τούτους
1500 926 1607 971 ὀΐων

341 1093 523 1146 τεθῆναι
535 1103 544 1113 ·

286 1286 360 1323 bis:
382 1284 559 1334 ἔκτηνται
576 1279 687 1335 ἱρόν,·
715 1285 756 1319 ut
767 1294 848 1319 mea
861 1281 941 1330 qui-

289 1343 372 1379 dem
401 1342 579 1379 sententia
609 1340 724 1377 omnis
749 1338 842 1375 absit
861 1351 940 1374 mu-

288 1398 389 1435 tandi
407 1410 524 1435 causa.
563 1397 660 1433 Nam
680 1395 939 1443 intelliguntur,

285 1455 489 1504 quicunque
501 1454 624 1490 lovem
635 1453 865 1489 Ammonium
878 1464 940 1487 co-

284 1511 362 1547 lunt
382 1516 418 1547 et
435 1511 482 1547 ad
499 1511 576 1548 eius
593 1508 771 1558 templum
788 1507 822 1544 T
825 1507 938 1544 heba-

285 1580 370 1604 num
399 1567 592 1617 pertinent.
649 1564 730 1602 Nec
755 1564 872 1611 magis
901 1563 940 1599 in

287 1636 389 1672 seqq.
413 1636 506 1672 opus
527 1618 710 1660 lectione
699 1618 784 1659 όσοι
801 1618 843 1657 δὲ
867 1616 938 1668 δη,

285 1684 327 1716 ut
358 1680 454 1716 idem
480 1679 654 1716 Valcken.
684 1676 830 1724 maluit,
858 1689 940 1713 cum

285 1736 448 1785 repetitis
488 1734 670 1786 particulis
713 1731 758 1801 u}
743 1748 784 1771 ν
827 1737 864 1770 et
897 1729 940 1770 δὲ

286 1788 398 1840 (όσοι
430 1788 515 1843 μὲν
549 1787 680 1841 δὴ-
704 1791 815 1829 οὑτοι
851 1787 939 1839 μέν

286 1863 378 1887 νυν
408 1853 444 1886 et
475 1844 563 1887 όσοι
589 1845 638 1886 δὲ
655 1868 712 1873 ——
728 1840 840 1885 οὗτοι
861 1845 882 1883 δ
896 1842 937 1896 ὲ)

287 1905 372 1941 satis
384 1917 553 1952 magnam
563 1904 634 1940 vim
645 1902 848 1952 acquisierit
858 1914 940 1938 ora-

286 1961 347 1998 tio.
387 1961 471 1997 Vid.
494 1961 705 1997 Buttmann.
730 1959 767 1995 in
789 1958 939 1994 Excurs.

289 2017 336 2052 ad
353 2017 540 2054 Demosth.
561 2016 664 2053 Orat.
684 2014 773 2051 Mid.
797 2027 834 2063 p.
847 2013 937 2054 154.

287 2092 342 2099 —
361 2072 419 2109 Ad
435 2085 561 2109 vocem
582 2069 777 2121 Θηβαιέος
797 2071 890 2106 conf.
911 2070 939 2116 Ι,

289 2130 381 2169 182.
411 2150 466 2156 —--
496 2128 689 2164 Caeterum
710 2126 779 2163 hoc
798 2138 841 2163 ex
859 2125 938 2162 loco

287 2185 529 2221 coniecturam
547 2183 594 2219 de
613 2195 802 2219 nemorum
816 2181 940 2230 Aegy-

286 2240 442 2289 ptiorum
482 2239 623 2287 origine
654 2239 751 2275 ducit
778 2238 937 2275 Heeren.

285 2295 397 2333 Ideen
418 2300 484 2332 etc.
512 2295 566 2342 ΙΙ,
589 2298 614 2335 2
640 2307 726 2344 pag.
759 2296 836 2333 113
859 2293 937 2330 coll.

290 2352 379 2392 155.
437 2351 577 2388 Nomos
607 2351 702 2388 enim
734 2350 938 2399 suspicatur

286 2408 445 2456 singulos
477 2406 618 2455 singula
645 2407 693 2443 ad
719 2405 856 2456 templa
878 2418 936 2442 sa-

285 2465 544 2512 cerdotumque
563 2462 721 2499 colonias
743 2462 938 2512 pertinuis-

287 2533 343 2567 se,
384 2532 535 2568 quarum
574 2518 738 2567 singulae
772 2518 935 2566 singulos

284 2576 535 2613 constituerint
548 2588 676 2611 nomos
687 2602 698 2621 ,
729 2587 794 2611 sua
810 2587 938 2622 quem-

283 2645 354 2681 que
384 2632 560 2680 religione
589 2631 771 2679 sacrisque
806 2630 935 2666 distin-

282 2693 377 2725 ctum
397 2688 441 2724 ab
460 2687 536 2723 aliis
556 2687 692 2731 nomis;
721 2688 771 2722 ita
790 2691 830 2722 ut
847 2691 936 2735 quot

280 2745 396 2790 nomi,
422 2743 574 2780 totidem
605 2743 832 2780 sacerdotum
852 2743 935 2779 civi-

280 2804 374 2837 tates
394 2813 421 2836 s.
442 2798 603 2836 coloniae
634 2799 797 2848 primitus
825 2799 935 2835 exsti-

283 2855 403 2893 terint.
441 2855 566 2898 Quare
597 2855 780 2891 Sesostrin
809 2867 935 2891 nomo-

285 2925 365 2950 rum
393 2911 603 2949 divisionem
627 2911 824 2948 instituisse
853 2912 935 2958 dici,

602 1085 844 1142 ,,“Ηρακλέα
882 1090 1066 1142 θελῆσαι
1105 1084 1278 1137 πάντως
1321 1085 1492 1130 ἰδέσθαι
1528 1084 1606 1130 τὸν

1008 1282 1092 1332 quia
1119 1281 1255 1332 primus
1282 1281 1393 1319 totius
1410 1280 1571 1332 Aegypti
1593 1281 1663 1319 im·-

1006 1339 1146 1389 perium
1175 1342 1299 1375 nactus
1323 1339 1379 1375 sit.
1421 1338 1482 1375 Tu
1511 1338 1584 1375 vid.
1614 1338 1664 1376 de

1006 1396 1124 1432 nomis
1145 1399 1234 1431 nott.
1258 1395 1305 1431 ad
1326 1395 1371 1443 ΙΙ,
1396 1398 1487 1436 109.
1512 1395 1604 1436 164.

1061 1447 1251 1501 Ὀσίριος,
1282 1447 1348 1489 τὸν
1377 1447 1427 1502 δή
1457 1447 1662 1490 Διόνυσον

1008 1503 1110 1546 εἶναι
1129 1506 1307 1558 λέγουσι]
1341 1508 1599 1545 Confiflerod.
1613 1507 1661 1554 ΙΙ,

1010 1564 1090 1605 144
1108 1577 1203 1613 seq.,
1233 1564 1323 1600 alios
1343 1564 1438 1601 locos
1457 1568 1497 1600 ut
1507 1568 1659 1601 taceam.

1006 1619 1059 1657 Ac
1076 1633 1159 1657 vera
1171 1621 1318 1669 quidem
1334 1620 1504 1657 historiae
1520 1624 1662 1670 patrem

1007 1677 1224 1724 tradidisse,
1253 1689 1321 1713 nec
1337 1676 1478 1727 lapsum
1498 1689 1592 1723 esse,
1621 1680 1664 1713 ut

1007 1733 1050 1769 iis
1073 1732 1204 1783 placet,
1234 1733 1296 1781 qui
1316 1733 1508 1770 Herodoto
1527 1732 1609 1782 plus
1621 1745 1663 1770 se

1008 1802 1138 1839 sapere
1157 1789 1374 1838 opinentur,
1403 1802 1510 1826 nemo
1526 1789 1661 1826 infitias

1006 1845 1131 1893 iverit,
1162 1845 1223 1894 qui
1241 1858 1336 1894 quae
1354 1846 1401 1883 de
1424 1845 1572 1883 Osiride
1587 1844 1662 1882 Ae·-

1007 1902 1124 1951 gyptii
1144 1906 1330 1949 enarrent,
1361 1915 1456 1951 quae
1484 1901 1532 1938 illi
1557 1901 1661 1938 insti-

1007 1963 1084 1994 tuta
1114 1958 1184 1994 sint
1212 1970 1335 2005 sacra,
1373 1958 1595 2008 reputaverit
1621 1961 1660 1996 et

1008 2027 1088 2050 cum
1117 2015 1158 2050 iis
1186 2015 1448 2063 composuerit,
1491 2027 1585 2064 quae
1613 2014 1661 2052 de

1009 2070 1230 2107 Graecorum
1250 2070 1414 2118 Dionyso
1440 2071 1576 2107 tradita
1602 2083 1664 2108 ac-

1006 2127 1175 2175 cepimus.
1206 2127 1258 2164 Ut
1279 2126 1372 2163 enim
1384 2126 1587 2176 Aegyptios
1605 2129 1663 2163 ta-

1005 2181 1053 2218 lia
1071 2195 1093 2218 a
1117 2183 1266 2219 Graecis
1298 2183 1480 2231 accepisse
1500 2183 1659 2230 credam,

1006 2250 1190 2286 nunquam
1212 2243 1336 2274 contra
1358 2238 1584 2286 antiquitatis
1605 2242 1661 2276 te-

1007 2294 1211 2331 stimonium
1232 2306 1253 2330 a
1281 2307 1339 2331 me
1358 2294 1554 2343 impetrare
1572 2307 1661 2344 pos-
1685 2334 1692 2340 ,

1006 2363 1095 2386 sum.
1131 2349 1191 2387 De
1216 2351 1364 2398 singulis
1391 2350 1462 2387 vid.
1486 2351 1658 2389 Creuzer.

1003 2405 1164 2454 Syrnbol.
1187 2406 1236 2442 Ill
1255 2419 1289 2456 p.
1314 2410 1393 2447 128
1415 2418 1517 2455 seqq.

1060 2457 1147 2500 ὅσοι
1161 2459 1202 2500 δὲ
1222 2464 1294 2501 τοῦ
1305 2461 1532 2513 Μένδητος]
1554 2461 1659 2500 Men-

1003 2517 1093 2554 desii
1109 2519 1206 2554 nomi
1228 2519 1321 2556 infra
1342 2519 1386 2566 ll,
1402 2521 1480 2560 166
1500 2519 1541 2556 fit
1556 2532 1660 2557 men-

1002 2575 1052 2611 tio
1064 2589 1074 2620 ·‚
1087 2575 1132 2612 de
1151 2576 1260 2611 sacris
1273 2575 1544 2613 Mendesiorum
1562 2576 1658 2612 conf.

1002 2631 1048 2676 ΙΙ,
1071 2631 1137 2671 46.
1168 2630 1314 2668 IlIencles
1336 2632 1421 2669 urbs
1442 2632 1478 2668 in
1499 2631 1659 2669 inferiori

1004 2686 1172 2736 Aegypto
1198 2701 1225 2724 s.
1246 2688 1355 2726 Delta
1380 2692 1458 2726 erat
1477 2689 1567 2734 sita,
1595 2687 1659 2724 ubi

1002 2756 1097 2780 nunc
1107 2744 1285 2781 Aslmzun-
1302 2744 1337 2781 T
1336 2745 1429 2782 αηαΙι
1439 2757 1466 2781 s.
1481 2743 1658 2781 Oskmun-

1006 2799 1158 2848 Tinnag.

1055 2854 1246 2907 Ἡρακλέα
1288 2858 1460 2908 θελῆσαι
1496 2851 1656 2901 πάντως

1004 2910 1163 2951 ἰδέσθαι
1181 2927 1216 2951 κ.
1238 2928 1269 2952 τ.
1289 2912 1347 2963 λ.]
1389 2912 1555 2950 Sufficiat
1576 2924 1656 2949 mo-
