1786 3324
635 273 938 315 CLIO.I.

1332 277 1411 317 321

144 387 294 441 τόνδε,
341 385 391 430 τὸ
429 385 488 442 μὴ
530 388 631 442 μιῆς
669 387 809 443 αἰτίης
848 386 991 430 εἵνεκα
1030 384 1136 443 μήτε
1167 382 1304 429 αὐτὸν
1331 385 1668 428 τὸν1οιιιιιιιιιεοι.ιιιι
1694 397 1745 439 aq-

1467 429 1540 456 liuct
1545 437 1595 488 «¹:¹11
1620 438 1700 464 parri

143 467 321 526 βασιλέα
350 465 515 521 μηδένα
545 464 776 521 φονεύειν,
823 463 931 523 μήτε
959 468 1050 510 τῶν
1079 465 1223 509 ἄλλων
1253 464 1414 528 Περσέ-

144 563 208 591 ων
235 545 401 602 μηδένα
429 548 519 589 τῶν
549 544 718 589 ἑωυτοῦ
751 545 952 589 οἰκετέων
982 545 1049 589 ἐπὶ
1076 548 1155 602 μιῇ
1176 545 1291 600 αἰτίῃ
1313 541 1416 601 ἀνή-

143 636 296 670 κεστον
325 624 474 676 πάθος
502 624 668 680 ἕρδειν·
699 623 806 668 ἀλλά
834 623 1124 681 λογισάμενος
1153 623 1209 680 ἢν
1229 621 1415 682 εὑρίσκῃ

142 704 259 748 πλέω
290 721 335 748 τε
364 705 436 748 καὶ
467 704 578 760 μέζω
607 704 661 747 τὰ
694 703 938 760 ἀδικήματα
968 703 1098 748 ἐόντα
1125 706 1215 747 τῶν
1240 701 1417 758 ὑπουρ-

114 782 374 840 Ξγημάτων,
426 783 542 828 οὕτω
581 787 644 841 τῷ
679 787 813 841 θυμῷ
848 788 1014 840 χρᾶται.

1069 782 1339 827 Ἀποκτεῑναι
1369 783 1416 827 δὲ

143 862 305 907 οὐδένα
333 880 396 907 κω
425 863 606 919 λέγουσι
633 863 713 907 τὸν
742 863 910 907 ἑωυτοῦ
939 863 1127 919 πατέρα,
1158 859 1263 906 οὐδὲ
1291 861 1469 918 μητέ-15

144 959 216 999 ρα.
247 941 356 987 ἀλλὰ
386 941 525 988 ὁκόσα
552 941 636 1000 ἤδη
665 947 848 987 τοιαῦτα
876 941 1068 999 ἐγένετο,
1107 946 1256 986 πᾶσαν
1283 940 1414 998 ἀνάγ-

142 1038 228 1079 κην
266 1023 375 1079 φασὶ
415 1021 732 1080 ἀναζητεόμενα
779 1025 917 1066 ταῦτα
968 1020 1264 1078 ἀνευρεθῆναι
1311 1019 1412 1078 ἤτοι

142 1101 441 1158 ’ὑποβολιμαῖα
470 1102 626 1154 ἐόντα,
675 1101 705 1158 ἢ
742 1103 960 1158 μοιχίδια·

1022 1100 1077 1146 οὖ
1106 1101 1191 1158 γάρ
1222 1099 1275 1158 δὴ
1305 1100 1416 1157 φασὶ

145 1181 267 1233 οἰκός
295 1179 409 1226 εἶναι
436 1179 516 1225 τόν
541 1197 590 1237 γε
622 1180 818 1238 ἀληθέως
846 1179 977 1224 τοκέα
1015 1178 1105 1225 ὑπὸ
1134 1182 1214 1224 τοῦ
1245 1180 1416 1224 ἑωυτοῦ

84 1464 233 1521 νόμον·
273 1466 394 1508 αἰνέω
430 1465 474 1508 δὲ
501 1467 569 1508 καὶ
599 1463 740 1520 τόνδε]

84 1525 325 1575 Intelligimus
353 1539 397 1564 ex
422 1525 494 1563 hoc
521 1526 627 1573 Ιοεο,
655 1539 743 1576 pro-

86 1595 220 1620 nomen
250 1578 318 1622 ὅδε
346 1587 424 1620 tum
445 1584 494 1620 ad
522 1583 743 1621 anteceden-

86 1639 158 1686 tia,
195 1643 274 1676 tum
304 1640 353 1676 ad
389 1640 580 1688 sequentia
606 1640 744 1689 pariter

87 1695 236 1743 referri,
265 1707 346 1732 eum
363 1694 473 1744 mlgo
491 1696 543 1732 ita
571 1696 741 1742 doceant,

90 1744 208 1797 οὗτος
236 1751 284 1788 ad
308 1751 471 1802 proxime
508 1763 742 1802 praegressa,

87 1802 113 1847 ὅ
115 1807 157 1846 δε
177 1807 224 1844 ad
234 1809 423 1856 sequentia
435 1812 612 1857 spectare.
631 1808 743 1851 Quod

87 1876 162 1901 non
208 1877 354 1913 semper
393 1864 552 1911 servari,
596 1868 743 1914 praeter

86 1924 251 1957 nostrum
282 1919 399 1957 locum
436 1919 496 1957 alii
531 1921 618 1957 satis
643 1933 743 1958 com-

87 1977 264 2027 probant,
283 1989 376 2026 quos
398 1976 545 2025 collegit
564 1976 742 2014 Matthiae

89 2032 127 2083 ἓ.
149 2032 252 2081 470,
281 2035 303 2074 1
333 2047 371 2084 p.
397 2034 490 2074 870.
543 2033 616 2077 Qui
644 2034 742 2070 idem

89 2087 126 2140 ἓ.
140 2088 243 2137 415,
264 2089 290 2140 β
316 2103 403 2140 pag.
416 2092 498 2131 760
518 2089 654 2127 consuli
671 2102 741 2141 po·-

87 2146 172 2183 terit
199 2145 249 2194 (si
282 2147 429 2196 quidem
458 2146 551 2183 tanti
579 2147 654 2196 est)
695 2147 744 2184 de

89 2205 269 2240 structura
290 2203 393 2240 verbi
414 2200 544 2253 ἕρδειν
573 2216 654 2240 cum
674 2203 744 2240 du-

87 2257 172 2309 plici
191 2259 406 2297 accusativo.
464 2258 524 2297 Ad
541 2272 618 2298 rem
646 2272 746 2296 com-

86 2319 234 2365 paretur
256 2315 463 2353 Brissonius
482 2315 505 2353 l.
518 2315 541 2352 l.
558 2316 593 2353 II
613 2329 649 2367 p.
663 2318 745 2357 129

88 2370 268 2408 Herodoti
297 2373 541 2411 narrationem
574 2371 744 2410 Aristidis

89 2426 273 2479 sophistae
299 2427 380 2466 loco
398 2430 628 2467 confirmans.

144 2535 431 2592 ἀνήκεστον
467 2539 627 2593 πάθος]
684 2541 746 2580 De

90 2607 179 2634 nece
192 2596 250 2635 vel
275 2598 385 2636 etiam
411 2599 637 2636 mutilatione
668 2611 745 2635 non

91 2653 293 2702 reparanda
317 2667 361 2693 ex
382 2655 630 2706 euphemismo
650 2667 745 2704 quo-

93 2707 179 2744 dam
213 2707 505 2759 intelligendum,
545 2716 587 2749 ut
618 2715 745 2749 monet

91 2762 300 2802 Buttmann.
329 2767 379 2804 ad
402 2767 640 2806 Demosthen.
669 2767 746 2805 Mi-

93 2817 362 2870 (hall-P·165.
401 2823 498 2861 Sunt
515 2828 649 2875 poetae
675 2837 745 2874 po-

93 2873 290 2923 tissimum,
331 2878 460 2927 quibus
487 2880 558 2918 hoc
586 2880 744 2918 vocabu-

94 2929 198 2967 lum
188 2942 225 2967 m
255 2932 389 2971 deliciis
408 2939 484 2983 est,
509 2939 603 2976 teste
618 2936 744 3002 Blom-

153 2984 359 3029 Hmiono’r.
389 2990 418 3029 1.

1470 462 1499 488 ‹il
1492 471 1519 489 :a
1537 470 1575 489 no

1470 495 1537 524 fieri
1556 503 1654 531 posse.

1621 464 1690 492 cred
1695 468 1747 493 unt

20 1261 121 1308 138
143 1259 299 1312 παιδὸς
328 1258 637 1318 ἀποθνήσκειν.
685 1259 824 1305 ’Ἀσσα
853 1259 899 1306 δέ
929 1270 1010 1317 σφι
1038 1259 1202 1305 ποιέειν
1223 1258 1307 1304 οὐκ
1327 1259 1410 1313 ἔξε-
1420 1265 1524 1300 Ξοοιιῖ
1528 1268 1546 1296 ιι
1572 1277 1630 1296 non
1654 1269 1745 1297 rceat

1465 1303 1585 1332 dicere.
1604 1312 1679 1339 quas
1691 1304 1743 1332 du-

812 1468 910 1506 field.
948 1469 986 1506 in
1016 1467 1180 1506 Glossar.
1212 1470 1261 1507 ad
1301 1467 1468 1519 Aeschyl.

813 1525 978 1576 Choeph.
992 1525 1099 1573 509,
1118 1525 1178 1563 ubi
1195 1526 1269 1564 vid.

870 1578 974 1621 οὕτω
991 1584 1049 1635 τῷ
1071 1584 1193 1636 θυμῷ
1210 1583 1407 1634 χρᾶται]
1397 1597 1419 1620 1.
1431 1595 1466 1621 e.

810 1651 887 1676 zrae
919 1638 1099 1687 indulget,
1147 1639 1321 1690 ququuid
1352 1641 1470 1677 animo

811 1694 950 1742 lubeat,
974 1694 1075 1744 faczt
1101 1695 1143 1731 (le
1170 1695 1243 1733 allo.
1303 1696 1412 1733 Conf.
1437 1695 1469 1743 I,

814 1752 916 1793 155.
935 1748 983 1790 σύ
1006 1750 1141 1802 μέντοι
1157 1749 1214 1804 μή
1233 1747 1364 1791 πάντα
1383 1756 1472 1791 θυ-

812 1823 864 1862 μ
851 1823 880 1846 ω
913 1823 934 1858 χ
951 1823 971 1859 ρ
985 1806 1003 1846 έ
1015 1822 1058 1846 ω.

869 1860 1101 1903 ἀποκτεῖναι
1116 1861 1160 1904 δὲ
1177 1859 1323 1904 ου’δένα
1344 1879 1401 1903 κω
1412 1862 1471 1904 λε’-

811 1932 926 1973 γουσι
945 1936 981 1960 κ.
1008 1935 1040 1960 τ.
1064 1924 1096 1959 λ.
1111 1923 1123 1966 ]
1164 1921 1348 1959 Herodoti
1379 1921 1471 1958 alio-

811 1991 963 2027 rumque
975 2007 986 2026 ,
1014 1978 1118 2015 istius
1137 1977 1311 2015 reifidem
1325 1978 1385 2027 qui
1403 1991 1471 2015 no-

810 2035 866 2071 bis
898 2035 1053 2081 faciunt,
1099 2034 1305 2071 testimonia
1349 2034 1473 2071 citavit

810 2091 973 2128 Brisson.
995 2090 1018 2127 l.
1040 2090 1064 2127 l.
1095 2089 1128 2126 ΙΙ
1162 2088 1198 2141 §.
1218 2092 1272 2131 99
1303 2089 1381 2127 coll.
1403 2092 1472 2138 98,

812 2148 874 2185 ubi
906 2147 976 2184 alia
1008 2147 1191 2196 quaedam
1220 2147 1386 2197 profert,
1427 2159 1473 2184 ex

812 2204 943 2253 quibus
962 2208 1204 2252 cognoscatur
1220 2215 1330 2252 quam
1344 2204 1473 2252 singu-

811 2260 878 2298 lari
897 2260 1035 2311 pietate
1057 2264 1168 2309 atque
1188 2272 1313 2297 amore
1334 2272 1471 2310 paren·-

812 2320 868 2355 tes
889 2330 973 2354 suos
995 2316 1132 2354 Persae
1151 2315 1337 2353 coluerint.
1357 2337 1413 2343 ——-
1427 2315 1472 2353 In

814 2386 917 2423 seqq.
937 2371 1211 2424 ’ὑποβολιμαῖα
1233 2376 1270 2409 et
1293 2372 1474 2423 μοιχίδια

811 2429 981 2479 Schwgh.
1009 2430 1105 2467 bene
1144 2428 1294 2479 exponit
1321 2426 1473 2480 ὑποβο-

812 2486 983 2537 λιμαίων
1004 2481 1033 2536 ἢ
1055 2485 1264 2537 μοιχιδίων
1289 2482 1401 2537 ἔργα,
1432 2488 1474 2522 ut

811 2542 997 2580 Herodoti
1012 2542 1058 2579 sit
1077 2542 1257 2580 sententia
1266 2570 1277 2588 ‚
1290 2541 1375 2578 talia
1387 2546 1472 2578 tan-

812 2603 889 2636 tum
909 2599 956 2636 ab
975 2599 1017 2635 iis
1034 2598 1238 2649 perpetrari
1254 2610 1367 2648 posse
1379 2627 1391 2645 ‚
1411 2597 1476 2647 qui

811 2658 876 2692 aut
895 2655 1117 2706 suppositicii
1135 2655 1208 2692 sint
1222 2653 1307 2702 filii,
1330 2657 1392 2693 aut
1401 2653 1472 2692 ad·-

810 2711 968 2751 ulterino
985 2711 1164 2761 sanguine
1182 2710 1272 2748 nati.

947 2796 979 2834 c
995 2808 1018 2834 a
1028 2809 1066 2848 p
1098 2793 1344 2833 cxxxvm.

869 2875 973 2919 ασσα
1014 2877 1058 2919 δέ
1105 2890 1190 2945 σφι
1219 2875 1372 2918 ποιέειν
1404 2871 1479 2915 οὐκ

813 2932 989 2984 ἔξεο-τισι.
1013 2949 1047 2978 τ,
1071 2930 1266 3031 λ.]2ἵσσα
1286 2946 1356 2985 pro
1390 2928 1475 2972 ἅτι-
