1759 3324
19 557 67 578 em
57 561 98 579 un
133 553 164 580 ἰιι
203 556 299 589 Aegy—

19 591 80 620 ptui
53 594 100 612 ιι
132 587 214 614 rede!
216 593 296 615 ntum

165 629 198 647 xo
221 621 295 656 Sap-

178 654 256 681 sratr
241 663 295 689 r,e

171 675 295 715 maximo

109 740 117 752 ‚
163 721 206 747 De
191 722 278 755 einlflh
282 730 295 748 s

14 753 65 782 m'
46 762 112 779 ιιιιι
101 761 133 779 e
151 753 295 782 decimam

16 795 72 821 opu
67 795 133 847 uum
122 795 227 847 veruai
234 789 281 814 scr

79 830 86 847 1
155 826 217 847 rert
231 830 297 848 eum

13 854 264 882 haucraticarum

13 887 185 916 celebritas.

60 607 162 679 Csh'ara

16 694 95 759 2:019
38 690 144 713 uacet-u

359 270 444 311 796

775 272 1244 311 HERODOTI

360 378 405 423 δὲ
434 380 589 432 παιδὸς
617 386 739 432 παῖς,
770 380 899 433 ἄλλος
925 380 1129 437 Ἰάδμων,
1166 380 1378 425 ἀνείλετο·
1410 381 1524 426 οὕτω
1548 384 1622 427 καὶ

195 455 294 501 135
353 460 560 510 Αἴσωπος
597 459 816 515 Ἰάδμονος
856 462 1030 516 ἐγένετο.

21 519 42 545 Α
62 518 184 546 Xantho
208 520 302 548 abdu-

1084 460 1294 512 Ῥοδῶπις
1335 462 1379 505 δὲ
1410 462 1452 512 ἐς
1482 464 1619 517 Αἴγυ-
1632 471 1676 503 60

357 554 467 581 πτον
497 539 695 588 ἀπίκετο,
727 537 910 585 Ξάνθεω
932 545 1014 583 τοῦ
1033 543 1209 595 Σαμίου
1233 540 1494 595 κομίσαντός
1515 556 1616 595 μιν·

323 857 430 908 Ξτῆς
455 856 744 908 μουσοποιοῦ.

293 1059 349 1098 dis
374 1059 502 1109 Aesopi
530 1074 557 1097 s.
599 1058 716 1097 caedis
743 1062 779 1096 z'n
814 1058 945 1110 Aesopo

292 1119 512 1163 commissae,
545 1130 639 1166 quae
659 1117 787 1154 eadem
814 1117 864 1154 sic
883 1129 946 1154 ex-

289 1174 423 1224 pressit
440 1173 651 1210 Plutarchus
681 1173 728 1210 de
757 1186 825 1210 ser.
845 1186 944 1210 num.

290 1230 436 1267 vindict.
468 1244 504 1280 p.
526 1231 631 1277 556,
659 1230 691 1266 F
726 1243 803 1279 seq.
844 1225 943 1269 ὥστε

289 1287 509 1337 περιΐοντες
535 1309 592 1314 -—
621 1281 837 1337 κηρύσσειν
876 1285 942 1325 καὶ

289 1345 424 1382 καλεῖν
471 1339 534 1382 ἀεὶ
581 1339 650 1382 τόν
699 1337 943 1393 βουλόμενον

288 1396 391 1449 ’ὑπὲρ
423 1395 618 1438 Αἰσώπου
657 1399 775 1450 δίκην
804 1400 940 1449 λαβεῖν

288 1452 379 1507 παρ’
400 1451 544 1495 αὐτῶν.
604 1455 777 1506 Namque
794 1456 939 1506 Delphi,

288 1517 328 1550 ut
348 1513 446 1550 idem
464 1513 626 1563 pluribus
647 1518 791 1561 narrat,
820 1513 938 1550 Aeso-

286 1582 375 1619 pum
406 1582 426 1606 a
463 1570 601 1606 Croeso
630 1570 777 1606 missum
806 1583 826 1607 e
850 1583 941 1620 rupe

284 1625 480 1676 Hyampea
511 1626 591 1662 urbi
619 1626 736 1663 vicina
761 1627 941 1676 praecipi-

284 1686 419 1719 tarunt.
480 1682 566 1725 Qua
588 1683 635 1720 de
664 1682 800 1732 Aesopi
828 1684 940 1721 caede

283 1739 396 1775 iratus
428 1738 559 1789 Apollo
596 1738 789 1776 sterilitate
821 1744 940 1777 terrae

283 1796 474 1844 omnisque
503 1796 646 1844 generis
684 1796 818 1832 morbis
850 1796 940 1834 Del-

280 1851 375 1902 phos
400 1852 561 1901 puniisse
588 1853 702 1889 fertur
738 1853 939 1890 oraculum-

283 1921 355 1957 que
383 1908 467 1945 dein
495 1909 653 1946 edidisse
671 1937 683 1957 ,
722 1913 762 1945 ut
788 1908 939 1959 Aesopi,

282 1964 344 2012 qui
373 1964 444 2014 ipsi
469 1965 674 2002 carissimus
702 1966 830 2013 fuerit,
862 1979 939 2003 ma-

281 2033 348 2057 nes
378 2021 585 2071 placarent3
624 2022 726 2070 quod
765 2035 845 2059 cum
883 2023 939 2059 fa-

282 2080 378 2113 ctum
405 2082 523 2124 esset,
563 2079 729 2115 omnibus
755 2078 939 2115 calamita-

280 2132 378 2168 tibus
403 2133 523 2169 statim
542 2133 681 2171 liberati
703 2147 784 2172 esse
812 2135 938 2172 dicun-

281 2191 340 2223 tur
360 2188 506 2237 Delphi.
567 2190 672 2232 Quae
693 2195 869 2239 quantum
888 2192 936 2228 ad

281 2242 510 2280 Herodotum
526 2245 776 2283 illustrandum
788 2248 934 2294 faciant,

281 2311 389 2336 nemo
410 2313 484 2336 non
504 2301 623 2347 videt3
653 2303 701 2338 ad
718 2303 858 2339 fabulas
879 2308 934 2339 ta—

280 2368 366 2393 men
386 2368 624 2405 quaecunque
656 2363 692 2394 et
721 2357 932 2395 Plutarchus

281 2415 318 2449 et
338 2411 398 2448 alii
423 2412 483 2459 (ut
505 2413 614 2450 schol.
637 2414 685 2450 ad
703 2413 933 2464 Aristophan.

277 2480 381 2517 vesp.
413 2468 520 2508 1446
549 2470 656 2518 seq.)
705 2470 762 2506 vel
790 2471 931 2507 brevius

276 2523 333 2561 vel
361 2525 542 2573 copiosius
577 2526 644 2562 hac
667 2526 714 2563 de
739 2539 778 2563 re
797 2526 932 2564 retule-

275 2579 368 2626 rint,
398 2586 566 2617 revocata
595 2581 668 2618 vult
695 2582 862 2619 Grauert.
893 2584 930 2619 in

275 2636 363 2672 diss.
380 2635 477 2673 laud.
505 2650 541 2686 p.
563 2637 615 2678 55
641 2651 744 2686 seqq.
775 2641 829 2679 62
851 2652 927 2687 seq.

277 2692 339 2729 Tu
357 2693 451 2729 conf.
473 2694 582 2730 etiam
601 2694 759 2731 Schultz.
790 2695 811 2731 l.
833 2695 927 2731 laud.

277 2760 360 2799 pag.
384 2748 450 2790 25.
468 2750 534 2790 38.

447 2833 479 2870 C
491 2845 513 2869 a
522 2845 559 2884 p.
591 2832 777 2870 CXXXV.

335 2911 575 2967 κομίσαντός
597 2916 690 2968 μιν]
720 2917 866 2967 Reliqui
895 2919 930 2955 in

355 614 595 672 ἀπικομένη
635 619 680 661 δὲ
723 617 814 660 κατ’
855 618 1080 674 ἐργασίην,
1116 619 1249 676 ἐλύθη
1280 619 1511 675 χρημάτων
1541 636 1616 674 με·

351 694 499 751 γάλων
538 693 625 737 ond
675 693 838 749 ἀνδρὸς
877 700 1187 753 Μυτιληναίου
1236 698 1476 752 Χαράξου,
1534 702 1615 741 τοῦ

353 773 784 828 Σκαμανδρωνύμου
821 774 999 827 παιδός,
1047 774 1263 831 ἀδελφεοῦ
1312 777 1356 820 δὲ
1394 781 1616 831 Σαπφοῦς

803 852 918 896 οὕτω
954 854 1006 910 δὴ
1036 853 1062 910 ἡ
1088 854 1298 906 Ῥοδῶπις
1324 855 1613 911 ἐλευθερώθη,
1627 861 1670 896 65

1013 1064 1115 1097 textu
1134 1060 1297 1098 voculam
1319 1075 1411 1112 μιν,
1441 1073 1463 1098 a
1488 1060 1668 1098 nonnullis

1014 1116 1112 1154 libris
1131 1118 1279 1155 vetustis
1301 1119 1482 1155 omissam.
1502 1140 1557 1145 -—
1587 1113 1672 1156 κατ’

1013 1172 1200 1224 ἐργασίην
1221 1174 1243 1210 i.
1268 1188 1300 1211 e.
1330 1178 1370 1211 ut
1392 1178 1574 1223 quaestam
1592 1187 1669 1210 cor-

1006 1243 1090 1280 pore
1113 1230 1276 1280 faceret5
1312 1232 1406 1267 conf.
1435 1230 1468 1278 I,
1498 1233 1552 1272 93
1581 1230 1670 1280 ibiq.

1011 1292 1103 1323 nott.
1135 1288 1232 1323 Infra
1252 1287 1298 1334 ll,
1318 1288 1396 1328 152
1414 1284 1513 1325 κατοὶ
1534 1287 1665 1337 ληΐην,

1011 1343 1073 1380 ubi
1094 1344 1164 1380 vid.
1185 1348 1260 1380 not.
1317 1344 1377 1381 Ad
1406 1344 1518 1380 verba
1539 1338 1666 1394 ἐλύθη

1010 1395 1224 1450 χρημάτων
1245 1401 1340 1438 conf.
1361 1400 1495 1437 Matth.
1518 1400 1584 1438 Gr.
1599 1400 1664 1437 Gr.

1011 1455 1046 1507 ἓ-
1068 1457 1162 1497 364.

1065 1510 1145 1552 ὑπὸ
1164 1509 1310 1561 εἷνδρός
1331 1512 1613 1562 Μυτιληναίου
1628 1526 1663 1551 κ.

1008 1585 1039 1608 τ.
1062 1568 1110 1620 λ.]
1150 1569 1269 1618 Vulgo
1302 1574 1339 1606 et
1369 1569 1426 1606 hic
1456 1574 1492 1606 et
1520 1569 1558 1605 in
1590 1568 1664 1606 fine

1009 1627 1135 1676 capitis
1192 1626 1518 1675 Μιτυληναίου.
1585 1625 1663 1662 Sed

1007 1683 1079 1719 vid.
1100 1688 1193 1719 nott.
1211 1683 1259 1719 ad
1288 1682 1326 1729 I,
1348 1685 1413 1722 27.
1473 1682 1583 1725 Quod
1613 1682 1663 1718 ad

1007 1739 1177 1789 Sapphus
1206 1738 1518 1784 necessitudines,
1562 1738 1661 1774 cuius

1008 1795 1055 1832 de
1078 1801 1183 1846 patre
1210 1807 1252 1832 ac
1270 1799 1389 1832 matre
1408 1807 1483 1831 non
1503 1793 1591 1831 satis
1617 1794 1662 1830 li-

1007 1857 1114 1900 quet,
1152 1857 1227 1889 tres
1261 1852 1374 1889 fuisse
1401 1852 1532 1888 fratres
1565 1851 1662 1888 eius-

1008 1909 1092 1945 dem
1116 1908 1224 1957 vulgo
1248 1912 1548 1946 commemorant:
1578 1906 1659 1944 La-

1007 1966 1163 2012 richum,
1187 1965 1408 2011 Charaxum,
1430 1963 1659 2014 Eurygium3

1008 2035 1028 2059 e
1055 2022 1184 2071 quibus
1210 2021 1400 2058 Larichum
1425 2022 1559 2058 sororis
1578 2032 1660 2057 ver-

1007 2079 1106 2115 sibus
1143 2078 1363 2115 celebratum
1389 2091 1470 2115 esse
1497 2077 1659 2114 scribunt

1005 2134 1212 2172 Athenaeus
1234 2139 1346 2183 atque
1364 2134 1604 2178 Eustathius,
1619 2132 1657 2168 in

1006 2191 1210 2227 Charaxum
1233 2193 1379 2228 insenso
1401 2191 1521 2227 animo
1545 2190 1656 2226 fuisse

1002 2246 1100 2283 illam
1119 2252 1266 2296 praeter
1275 2247 1505 2284 Herodotum
1516 2250 1656 2282 testan-

1003 2307 1063 2338 tur
1091 2302 1327 2350 Athenaeus,
1365 2303 1498 2338 Strabo
1515 2330 1526 2347 ,
1566 2301 1656 2338 Ovi-

1003 2359 1108 2406 dius,
1150 2371 1170 2395 e
1198 2359 1296 2395 cuius
1329 2358 1448 2396 verbis
1476 2358 1655 2394 Burman-

1001 2427 1070 2450 nus
1102 2414 1175 2460 (ad
1195 2415 1348 2452 Heroid.
1377 2414 1461 2461 XV,
1483 2416 1555 2462 63)
1586 2414 1656 2450 hoe

1001 2470 1213 2506 coniiciebat
1235 2499 1245 2517 ,
1288 2471 1495 2507 Charaxum
1522 2471 1653 2520 opibus

1000 2526 1208 2576 dilapidatis
1226 2529 1357 2564 factum
1380 2540 1462 2564 esse
1483 2527 1538 2564 vel
1556 2527 1654 2576 pira-

998 2587 1071 2618 tam
1099 2582 1154 2619 rel
1187 2584 1372 2631 remigem.
1431 2583 1492 2620 Tu
1519 2583 1592 2619 vid.
1623 2582 1651 2619 l.

999 2639 1132 2675 Christ.
1153 2639 1264 2676 Wolf.
1291 2639 1462 2689 Sapphus
1485 2640 1651 2687 fragium.

999 2694 1221 2744 (Hamburg.
1245 2697 1374 2742 1733)
1411 2708 1497 2745 pag.
1519 2695 1584 2731 Vll
1615 2699 1652 2732 et

1055 2809 1126 2856 τῆς
1146 2804 1409 2856 μουσοποιοῦ]
1432 2806 1542 2849 Quod
1561 2805 1651 2843 Ful-

998 2863 1076 2899 vius
1107 2863 1260 2900 Ursinus
1291 2862 1494 2913 protulerat
1531 2865 1647 2912 μελο-

998 2921 1134 2969 ποιοῦ,
1157 2919 1195 2956 id
1213 2919 1410 2957 memoriae
1428 2918 1566 2956 fallenti
1581 2919 1648 2957 dc-
