1759 3324
734 246 1208 288 HERODOTI

321 358 411 414 ,,τά
436 374 486 417 γε
512 361 602 404 τῶν
630 356 871 414 ὀνειράτων
901 356 1106 415 ἐχόμενα,
1144 356 1300 407 τελέως
1329 353 1371 406 ἐς
1402 350 1586 405 ἀσθενὲς

294 440 575 496 5,,ἒρχεται.“
625 435 863 495 Ἀμείβεται
890 435 1123 494 Ἀστυάγης
1150 437 1315 480 τοῖσδε·
1353 467 1378 485 „
1390 433 1478 476 Καὶ
1506 431 1645 476 αυ’-40

320 518 451 572 ,,τὸς,
480 513 517 561 ὦ
544 516 699 573 μάγοι,
726 517 864 574 ταύτῃ
895 521 1091 567 πλεῖστος
1118 514 1300 572 γνώμην
1330 513 1434 569 εἰμὶ,
1464 513 1587 569 βασι·

322 596 455 651 ,,λέος
498 594 824 652 ὀνομασθέντος
862 599 944 639 τοῦ
989 595 1168 646 παιδὸς,
1228 592 1392 650 ἐξήκειν
1427 607 1472 635 τε
1508 589 1590 635 τὸν
1646 608 1652 611 ’

324 675 554 730 ,,ὂ’νειρον,
600 675 675 719 καί
711 690 788 730 μοι
824 673 902 718 τὸν
938 676 1075 718 παῖδα
1111 676 1273 718 τοῦτον
1302 669 1412 716 εἶναι
1444 669 1592 716 δεινὸν

296 764 319 798 6
330 789 355 808 ,,
366 753 496 799 οὐδὲν
525 752 600 797 ἔτι.

661 752 778 809 ὅμως
814 752 895 808 μέν
932 769 981 810 γε
1018 769 1088 797 τοι
1115 750 1471 808 συμβουλεύσατέ
1501 766 1591 807 μοι,

325 828 413 886 »εὖ
444 829 831 888 περισκεψάμενοι,
869 831 922 874 τὰ
951 832 1094 887 μέλλει
1133 830 1438 887 ἀσφαλέστατα
1479 828 1649 874 εἷναι45

297 913 474 971 7,,οἵκῳ
512 926 557 955 τε
595 914 656 968 τῷ
693 910 782 968 ἐμῷ
821 910 895 954 καὶ
938 908 1085 966 ὑμῖν.“
1143 907 1290 953 Εἶπαν
1317 909 1428 964 πρὸς
1455 912 1594 952 ταῦτα

327 992 373 1035 οἱ
411 990 566 1047 μάγοι·
625 984 709 1041 »Ὧι
747 991 951 1045 βασιλεῦ,
1006 988 1082 1033 καὶ
1126 985 1299 1033 αὐτοῖσι
1342 985 1449 1044 ἡμῖν
1494 987 1595 1042 περὶ

327 1072 525 1124 »πολλοῦ
553 1067 642 1112 ἐστὶ
669 1072 1008 1123 κατορθοῦσθαι
1037 1067 1174 1124 ἀρχὴν
1201 1067 1281 1125 τὴν
1309 1066 1405 1123 σήν.
1436 1067 1593 1118 κείνως

327 1148 444 1206 „niv
472 1147 559 1205 γάρ
591 1145 919 1201 ἀλλοτριοῦται,
948 1147 993 1200 ἐς
1020 1147 1099 1192 τόν
1126 1149 1263 1192 παῖδα
1291 1150 1454 1191 τοῦτον
1479 1161 1598 1201 περι·

328 1232 517 1282 ,,“ιόὕσα,
558 1227 686 1273 ἐόντα
715 1226 913 1286 Πέρσην·
960 1226 1036 1272 καὶ
1063 1224 1206 1285 ἡμεῖς,
1245 1225 1390 1279 ἐόντες
1418 1228 1655 1284 Μῆδοι,50

276 1438 382 1478 valde
403 1438 528 1476 differt
555 1436 602 1475 ab
622 1449 666 1475 eo
680 1465 692 1484 ,
720 1435 822 1486 quod
843 1446 930 1472 con-

276 1496 377 1534 tinuo
404 1495 555 1544 legitur:
596 1492 635 1541 ἐς
667 1488 837 1540 άσθενὲς
869 1489 929 1544 ἕρ-

277 1567 395 1604 χεται.
449 1551 621 1600 Namque
639 1546 748 1602 παρά
777 1549 835 1587 hic
865 1561 928 1587 ea-

278 1610 364 1648 dem
386 1610 461 1647 fere
480 1608 649 1654 notione,
680 1607 753 1656 qua
773 1601 873 1658 πρός
899 1618 929 1641 s,

281 1665 362 1714 εἷς,
398 1668 574 1714 sequente
600 1663 805 1701 accusativo
843 1660 933 1713 poni

279 1723 445 1769 videtur,
476 1724 576 1759 recte
605 1723 777 1757 monente
797 1717 931 1755 Matth.

281 1779 317 1815 in
339 1779 502 1815 Gramm.
536 1777 668 1814 Graec.
711 1774 749 1827 ᾗ.
778 1775 886 1822 588,
915 1786 935 1812 c

280 1848 366 1886 pag.
393 1834 511 1875 1173.
550 1833 648 1871 Hinc
666 1836 786 1870 verte:
818 1829 934 1870 Nam-

283 1903 347 1942 que
375 1892 413 1927 in
454 1892 622 1939 exiguum
657 1891 764 1926 etiam
791 1887 936 1925 oracula

281 1946 449 1985 nonnulla
472 1947 570 1983 nobis
598 1947 780 1994 exierunt,
810 1958 839 1981 s,
862 1956 935 1980 ces-

283 2007 419 2049 serunt,
459 2002 483 2039 i.
519 2016 550 2040 e.
600 2002 724 2048 levem,
765 2000 937 2051 pusillum

284 2061 415 2097 exitum
442 2057 600 2094 habuere.
650 2058 758 2101 Quae
777 2068 938 2106 sequun-

283 2119 343 2152 tur
362 2110 411 2152 τὰ
431 2116 509 2152 τῶν
529 2108 744 2163 ὀνειράτων
761 2109 936 2163 ἐχόμενα,

285 2174 371 2207 sunt
387 2182 450 2217 ea,
480 2182 569 2219 quae
592 2169 640 2207 αιΖ
669 2171 802 2206 somnia
825 2171 939 2219 perti-

284 2229 366 2264 nent
394 2226 564 2276 huiusque
593 2229 674 2262 sunt
703 2228 849 2275 generis.
906 2225 939 2262 E

285 2286 412 2320 nostro
431 2282 607 2332 scriptore
623 2282 692 2318 huc
718 2283 855 2320 faciunt
872 2281 941 2319 loci

287 2351 310 2376 a
338 2338 584 2386 wesselingio
620 2337 757 2375 laudati
784 2338 822 2386 Ι,
848 2341 941 2380 193.

285 2393 360 2442 ΙΙΙ,
382 2394 448 2435 25.
470 2394 515 2441 V,
527 2393 708 2442 49.V111‚
729 2394 819 2436 142.
841 2394 938 2431 Add.

285 2450 343 2497 II,
384 2453 451 2492 77.
503 2448 586 2487 Alia
622 2450 776 2500 plurima
815 2451 941 2487 laudat

286 2505 498 2544 Stallbaum.
534 2504 582 2543 ad
619 2506 762 2544 Platon.
799 2506 939 2544 Phileb.

286 2574 373 2614 pag.
405 2565 473 2604 29.
528 2562 697 2600 Eundem
736 2563 942 2600 Pausaniae

286 2631 391 2656 usum
421 2617 542 2667 attigit
565 2618 732 2656 Siebelis.
752 2620 800 2655 ad
816 2619 864 2666 ΙΙ,
886 2620 941 2660 30

288 2672 314 2726 ἓ
345 2728 385 2776 ἐς
421 2724 588 2776 ἀσθενὲς
626 2727 796 2780 ἔρχεται]
842 2729 941 2767 Infra

287 2799 362 2824 non
381 2785 524 2823 diversa
543 2786 808 2835 significatione
829 2786 938 2823 dixit:

289 2837 603 2892 ἀποσκήψαντος
634 2844 707 2881 τοῦ
746 2841 936 2881 ἐνυπνίου

289 2897 329 2944 ἐς
342 2900 537 2951 φλαῦρον.
564 2897 619 2936 Ac
635 2903 761 2936 monet
769 2898 936 2948 Schwgh.

999 1432 1148 1487 ἔρχεται
1163 1433 1222 1472 hic
1245 1433 1344 1473 idem
1365 1447 1471 1483 esse,
1497 1432 1600 1484 quod
1618 1433 1656 1471 in

998 1492 1103 1529 simili
1121 1496 1335 1540 argumento
1367 1492 1457 1529 alias
1482 1492 1656 1541 frequens

997 1548 1131 1597 legitur
1151 1546 1343 1599 ἐξέρχεται
1371 1548 1447 1597 Vl,
1477 1550 1543 1589 82.
1576 1549 1656 1589 107

1000 1610 1037 1643 et
1057 1605 1127 1642 hoc
1144 1605 1227 1658 ipso
1249 1605 1369 1655 capite
1382 1618 1467 1642 mox
1489 1599 1659 1655 ἐξήκειν.

998 1662 1042 1700 In
1079 1660 1211 1711 quibus
1251 1674 1347 1711 quae
1388 1660 1582 1712 peculiaris
1610 1660 1660 1698 sit

999 1719 1055 1756 vis
1075 1717 1359 1769 praepositionis
1377 1716 1432 1766 ἐξ,
1452 1718 1510 1756 vix
1532 1731 1660 1768 quem-

1001 1787 1111 1825 quam
1129 1774 1265 1813 latebit.

1060 1826 1185 1886 ταύτῃ
1207 1834 1387 1878 πλεῖστος
1413 1825 1579 1883 γνώμην
1608 1827 1660 1869 εἷ-

1003 1886 1072 1940 μί]
1113 1888 1138 1923 i.
1167 1901 1198 1925 e.
1232 1890 1271 1925 in
1305 1888 1373 1925 hac
1405 1889 1557 1925 maxime
1584 1897 1661 1923 sum

1002 1945 1185 1982 sententia.
1230 1943 1290 1982 De
1314 1940 1440 1990 πολῦς
1469 1942 1663 1991 sufficient,

1003 2013 1099 2051 quae
1118 2000 1190 2036 iam
1199 2000 1357 2049 Viget-us
1377 2001 1487 2038 habet
1500 2001 1547 2038 de
1558 1999 1661 2036 Idio-

1002 2058 1135 2094 tismm.
1166 2069 1253 2106 pag.
1278 2059 1372 2098 138.
1433 2057 1544 2094 conf.
1569 2068 1663 2106 quo-

1005 2126 1078 2163 que
1099 2125 1210 2162 supra
1227 2113 1265 2160 I,
1286 2116 1340 2156 98
1363 2114 1486 2163 ibique
1504 2117 1582 2150 not.
1603 2134 1661 2141 ·—

1007 2167 1189 2220 βασιλέος
1206 2183 1287 2207 cum
1309 2171 1426 2208 Gaisf.
1446 2184 1467 2210 e
1479 2169 1664 2207 Sanerofti

1005 2226 1096 2263 libro
1129 2226 1296 2263 dedimus
1323 2240 1391 2278 pro
1420 2226 1519 2277 vulg.
1551 2226 1663 2278 βασι-

1006 2284 1117 2333 λῆος.
1174 2283 1259 2321 Vid.
1291 2296 1406 2335 supra
1431 2284 1481 2321 ad
1518 2283 1558 2331 Ι,
1594 2280 1661 2325 94.

1007 2339 1122 2377 Paulo
1144 2339 1239 2377 infra
1267 2340 1331 2378 ubi
1357 2340 1534 2388 recurrit,
1561 2338 1662 2378 idem

1010 2396 1063 2432 sic
1082 2396 1345 2447 rescripsimus.

1065 2450 1157 2503 περὶ
1179 2455 1332 2492 πολλοῦ
1353 2450 1461 2500 ἐστὶ]
1481 2453 1505 2491 ἱ.
1527 2465 1560 2492 e.
1573 2452 1660 2503 plu-

1009 2509 1137 2545 rimum
1170 2508 1295 2546 nostrti.
1328 2511 1490 2557 interest,
1537 2511 1666 2559 magni

1002 2563 1175 2615 facimus.
1206 2566 1316 2603 Conf.
1336 2579 1448 2616 supra
1463 2566 1500 2613 I,
1515 2561 1569 2607 73
1582 2596 1594 2615 ,
1614 2579 1664 2605 ne

1007 2620 1114 2671 plura
1132 2621 1170 2657 in
1188 2621 1345 2660 dictione
1364 2622 1462 2660 haud
1482 2622 1633 2660 difficili.

1064 2675 1104 2723 ἐς
1114 2673 1184 2715 τόν
1194 2678 1318 2717 παῖδα
1330 2681 1472 2718 τοῦτον
1489 2680 1665 2731 περιϊοῦ-

1007 2734 1071 2777 σα]
1104 2736 1335 2785 περιϊοῦσα,
1376 2736 1475 2785 quod
1491 2749 1513 2774 e
1536 2735 1666 2774 melio-

1004 2788 1102 2825 ribus
1122 2788 1222 2827 libris
1248 2804 1344 2829 nunc
1360 2793 1567 2831 restitutum
1590 2796 1661 2839 est,

1003 2843 1192 2883 illustravit
1225 2847 1486 2887 Valckenarius
1522 2848 1664 2898 aliquot

1001 2899 1112 2950 locis,
1140 2903 1201 2941 ubi
1230 2916 1386 2955 reguum
1415 2919 1445 2945 s.
1469 2905 1662 2957 imperium
