1759 3324
626 267 843 306 CLIO.
898 266 928 304 I.

1326 268 1410 308 345

154 380 372 436 Φρικωνὶς
403 375 661 432 καλεομένη,
702 375 940 431 Λήρισσαι,
978 375 1097 420 Νέον
1125 377 1283 432 τεῖχος,
1329 379 1466 433 Τῆ-85

152 475 284 516 μνος,
311 458 468 507 Κίλλα,
497 453 688 508 Νότιον,
718 453 1002 511 Αἰγιρόεσσα,
1034 455 1230 512 Πιτάνη,
1261 450 1412 512 Αἰγαῖ-

96 677 197 704 suum
228 665 378 711 aberat,
417 665 457 700 ut
484 661 609 700 Livius
635 663 748 701 tradit

95 719 292 769 XXXVII,
315 721 380 762 26.
438 718 537 757 Nam
561 719 747 771 Colopho-

95 778 146 815 nii
167 777 278 823 cives,
308 788 461 826 quorum
491 777 578 814 urbs
604 777 650 815 ab
674 776 748 814 lta-

95 846 200 871 mane
219 836 326 883 capta
358 836 457 880 erat,
495 833 565 870 illic
590 833 746 884 primum

95 889 338 928 consederunt
378 889 531 938 urbique
570 890 747 939 originem

94 945 298 993 dederunt,
337 949 486 983 auctore
529 945 747 995 Thucydide

94 1000 168 1050 ΠΙ,
189 1001 266 1049 34,
295 1001 357 1039 ubi
378 1002 472 1039 conf.
493 1002 748 1053 interpret.—

95 1057 156 1095 De
175 1058 382 1107 Aegiroessa
399 1058 482 1095 vide
500 1060 655 1109 posthac
669 1072 749 1096 mo-

96 1114 184 1152 nita.
243 1113 392 1161 Pitane,
432 1115 479 1152 de
509 1128 582 1164 qua
612 1116 747 1152 Strabo

97 1170 120 1207 l.
139 1169 185 1217 l.‚
214 1171 356 1208 duobus
376 1171 554 1221 portubus
579 1172 627 1209 ad
644 1172 746 1209 Elai-

98 1227 206 1262 ticum
228 1227 346 1264 sinum
362 1227 556 1274 iustrueta3
584 1232 747 1279 praeter-

98 1283 178 1319 fluit
198 1282 293 1320 illam
311 1283 458 1320 Evenus
479 1284 620 1322 fluvius.
677 1284 746 1322 Ae-

98 1350 209 1387 gaeae
233 1338 282 1386 (s,
305 1344 344 1376 ut
368 1339 427 1376 alii
458 1341 595 1388 Aegae,
627 1339 749 1393 Αἰγαὶ

99 1408 128 1431 s.
141 1391 280 1446 Αἶγαι)
309 1396 346 1432 in
365 1395 454 1445 ipsis
466 1396 634 1445 Myrinae
650 1398 748 1446 agris

99 1451 169 1487 sita
191 1464 273 1489 esse
293 1452 442 1499 dicitur,
465 1453 559 1490 intra
569 1453 751 1502 Myrinam

100 1507 227 1545 urbem
258 1511 295 1545 et
313 1507 467 1557 Cymen.
524 1509 640 1549 Prave
671 1523 751 1549 eam

96 1563 298 1601 Danvillius
318 1564 413 1602 intra
433 1566 575 1615 Cymen
585 1567 748 1605 Phocae-

98 1632 159 1656 am
179 1624 217 1658 et
245 1620 427 1658 Temnum
460 1623 634 1661 collocare
661 1625 752 1660 dici-

99 1680 158 1712 tur
178 1688 201 1712 a
217 1676 548 1717 Raoul-Rochette
568 1680 621 1717 l.l.
635 1694 670 1731 p.
683 1680 751 1727 4⁶2,

101 1732 164 1781 qui
185 1731 352 1781 Myrinae
375 1735 554 1772 coloniam
579 1737 693 1774 fuisse
708 1737 753 1774 il-

105 1788 175 1824 lam
198 1794 332 1827 censet.
362 1789 411 1828 M
409 1794 515 1841 yrz'na
530 1793 624 1843 ipsa,
644 1805 753 1843 quam

102 1844 202 1882 Mela
234 1858 256 1882 a
282 1851 463 1887 vetustate
482 1850 634 1899 primam
664 1850 755 1887 dixit

101 1900 285 1938 Aeolicam
295 1903 472 1942 civitatem
485 1934 496 1953 ,
512 1906 755 1956 quadraginta

103 1957 229 1994 stadiis
265 1958 380 1997 abfuit
410 1974 432 1998 a
459 1962 596 2011 Cyme,
634 1968 670 2001 et
707 1963 753 2000 ab

103 2012 275 2052 Aeolibus
292 2015 439 2054 Lesbiis
468 2019 614 2056 condita
641 2019 754 2057 fuisse

104 2070 330 2121 perhibetur3
364 2075 435 2112 vid.
467 2074 595 2113 Vellei.
627 2075 755 2114 Pater-

105 2126 170 2164 cul.
194 2127 232 2174 I,
251 2127 288 2169 4.
347 2131 431 2174 Quo
451 2132 659 2170 testimonio
680 2134 755 2171 fre-

104 2188 162 2220 tus
178 2183 510 2227 Raoul-Rochette
528 2188 550 2226 l.
562 2189 584 2227 l.
603 2202 685 2228 eam
696 2188 753 2228 vel

105 2244 190 2278 ante
236 2241 378 2291 Cymen
421 2246 603 2283 conditam
639 2247 754 2284 fuisse

106 2297 340 2347 probabiliter
384 2302 501 2351 ponit.
587 2303 753 2354 Grynea,

109 2348 299 2404 Γρύνεια,
324 2358 424 2408 apud
447 2359 666 2398 Strabonem
695 2360 753 2396 di-

109 2408 196 2446 citur
216 2407 409 2464 Γρύνιον,
432 2416 641 2467 παλίχνιον
659 2419 753 2455 Μυ-

110 2468 277 2516 ριναῖον,
288 2468 356 2509 καὶ
367 2468 476 2523 ἱερὸν
494 2468 754 2521 Ἀπόλλωνος,

109 2522 360 2575 oraculumque
385 2533 489 2567 vetus
512 2542 556 2567 ac
583 2529 756 2581 templum

111 2576 336 2626 splendidum
373 2585 458 2622 albo
494 2598 539 2623 ex
576 2598 758 2624 marmore

112 2635 322 2675 confectum.
377 2640 412 2678 A
427 2641 574 2690 Myrina
598 2643 758 2680 distabat

113 2691 352 2741 quadraginta
384 2699 515 2736 stadia.
581 2697 636 2738 Ac
667 2699 757 2737 satis

112 2749 220 2810 {10me
238 2747 370 2800 Apollo
398 2754 590 2804 Gryneus,
621 2756 759 2807 quippe

114 2813 152 2836 m
168 2815 265 2840 cums
286 2809 420 2860 templo
445 2811 611 2849 Aeolicas
633 2813 760 2850 civita-

113 2859 170 2894 tes
199 2860 402 2902 foederatas
435 2867 644 2907 solemniter
673 2882 761 2906 con-

115 2915 257 2955 venisse
271 2923 394 2960 statuit
412 2923 467 2961 St.
480 2924 604 2974 croix,
614 2926 680 2964 des
695 2939 761 2965 an-

814 664 913 702 ciens
935 677 1110 716 gouvern.
1132 665 1286 704 federat.
1313 678 1350 715 p.
1374 665 1466 708 156.

816 721 972 772 Smyrna
985 753 996 771 ,
1009 735 1102 772 quae
1123 727 1283 761 extremo
1301 721 1381 759 loco
1399 735 1468 759 no-

813 779 990 827 minatur,
1023 780 1069 817 ab
1090 778 1263 817 Aeolibus
1283 778 1374 826 illis,
1405 778 1470 828 qui
1517 779 1523 787 “

815 835 957 884 Cymen
982 841 1199 884 tenuerunt,
1230 835 1378 873 condita
1398 839 1468 882 est,

815 893 846 928 si
880 905 967 930 vera
991 893 1103 929 tradit
1136 892 1354 930 Homericae
1373 892 1470 928 vitae

814 953 962 995 auctor,
990 949 1085 995 nisi,
1115 961 1188 998 quo
1208 948 1366 986 Velleius
1395 947 1467 985 Pa-

813 1005 970 1043 terculus
992 1006 1124 1042 ducere
1146 1006 1310 1053 videtur,
1333 1005 1379 1041 ab
1395 1003 1471 1042 Ae-

815 1062 932 1099 olibus
953 1060 1101 1099 Lesbiis
1120 1065 1205 1100 ante
1227 1062 1298 1099 iam
1317 1061 1386 1098 fuit
1407 1073 1471 1098 ex-

814 1122 960 1155 structa.
1018 1118 1073 1155 Ac
1120 1118 1254 1155 multos
1291 1117 1470 1165 Pelasgo-
1513 1127 1516 1132 ’

814 1188 894 1213 rum
908 1206 918 1224 ‚
943 1175 1005 1224 qui
1025 1174 1111 1211 olim
1134 1175 1228 1211 circa
1253 1174 1394 1223 Cymen
1405 1174 1471 1211 ha-

814 1232 1041 1278 bitaverant,
1070 1231 1155 1268 inde
1176 1230 1304 1281 pulsos
1326 1230 1396 1267 huc
1412 1243 1471 1267 se·
1514 1272 1518 1277 ‚

816 1289 883 1326 des
901 1286 1130 1325 transtulisse
1150 1286 1225 1324 vult
1235 1287 1355 1324 Raoul
1365 1308 1382 1314 -
1392 1286 1472 1323 Ro-

816 1344 936 1382 chette
955 1344 977 1381 l.
1001 1343 1023 1381 l.
1044 1356 1131 1393 pag.
1151 1342 1217 1384 43.
1261 1343 1339 1381 Sed
1367 1343 1472 1379 Stra-

820 1401 866 1438 bo
890 1401 1022 1446 refert,
1054 1401 1208 1449 primam
1235 1400 1334 1436 urbis
1357 1399 1472 1448 origi-

818 1452 901 1495 nem
934 1457 1080 1494 Ionibus
1115 1456 1287 1506 Ephesiis
1322 1456 1472 1502 deberi3

818 1527 911 1564 quos
950 1517 1074 1550 tamen
1103 1517 1190 1563 post
1220 1513 1265 1550 ab
1296 1511 1472 1550 Aeolibus
1511 1527 1523 1544 .·

819 1571 954 1609 eiectos
976 1569 1230 1620 Colophonem
1252 1582 1293 1607 se
1312 1569 1474 1619 recepis-

818 1640 870 1664 se.
930 1626 1042 1664 Unde
1063 1627 1135 1663 iam
1150 1626 1396 1675 intelligimus,
1412 1638 1474 1662 cur

820 1682 1132 1733 Colophoniorum
1177 1682 1318 1721 exsules
1374 1683 1473 1719 urbis
1525 1699 1528 1702 ⁴

819 1740 999 1788 Smyrnae
1022 1740 1297 1788 aggrediendae
1330 1738 1475 1776 consili-

820 1809 882 1833 um
900 1796 1048 1845 capiant
1076 1800 1112 1833 et
1138 1810 1177 1834 re
1206 1796 1353 1846 peracta
1379 1795 1475 1832 illam
1524 1805 1526 1807 ’

820 1856 992 1900 teneant,
1045 1851 1220 1890 Aeolibus
1264 1852 1475 1901 Smyrnaeis

821 1909 901 1946 loco
924 1909 1149 1946 cedentibus.
1209 1909 1318 1946 Conf.
1335 1908 1475 1946 Raoul-

821 1965 1003 2005 Rochette
1021 1965 1043 2003 l.
1065 1965 1087 2002 l.
1113 1978 1199 2017 pag.
1219 1968 1286 2008 99.
1308 1967 1402 2006 100.

877 2018 1105 2074 Λήρισσαι]
1150 2022 1226 2059 Iam
1255 2022 1475 2069 monuimus,

821 2079 926 2126 aliis,
956 2083 996 2115 ut
1021 2079 1216 2126 Straboni,
1251 2079 1378 2116 urbem
1406 2079 1476 2116 dici

822 2133 1054 2187 Λάρισσανς
1074 2148 1096 2173 a
1117 2148 1189 2185 quo
1209 2135 1413 2173 Herodotei
1433 2135 1477 2172 li-

821 2193 877 2230 bri
896 2193 1039 2230 absunt.
1075 2192 1311 2230 Inveniuntur
1329 2192 1365 2229 in
1385 2205 1478 2229 non-

820 2249 927 2287 nullis
957 2246 1155 2301 Λήρισαι,
1195 2261 1289 2298 quae
1319 2249 1477 2286 varietas

819 2305 971 2344 recurrit
986 2306 1063 2353 IX,
1095 2309 1142 2355 1,
1176 2305 1239 2343 ubi
1261 2317 1354 2342 unus
1388 2305 1480 2343 liber

820 2366 1056 2414 Ληρισαῖος.
1085 2363 1195 2401 Conf.
1213 2366 1337 2399 tamen
1357 2361 1479 2400 Schol.

822 2419 995 2470 Apollon.
1022 2419 1146 2457 Rhod.
1176 2418 1218 2466 I,
1241 2418 1309 2460 40.
1365 2418 1480 2457 Numi

822 2478 1034 2526 frequenter
1057 2476 1393 2515 ΛΑΡΙΣΑΙΩΝ.
1422 2495 1480 2505 ··-

822 2532 913 2571 Mox
938 2535 1097 2584 Τῆμνος
1117 2545 1212 2570 nunc
1224 2537 1323 2570 recte
1343 2533 1481 2570 editum

822 2602 891 2640 pro
907 2591 1039 2641 Τῆνος
1049 2618 1059 2635 ,
1082 2590 1392 2640 quemadmodum
1404 2589 1480 2638 Cy-

824 2645 970 2684 cladum
989 2659 1062 2684 una
1085 2646 1301 2697 appellatur.

879 2698 1145 2756 Αἰγιρόεσσα]
1179 2703 1300 2740 Huius
1324 2702 1482 2740 nominis

825 2759 1006 2799 civitatem
1016 2760 1201 2799 Aeolicam
1224 2761 1393 2810 nuspiam
1403 2772 1482 2797 me·

825 2821 1005 2855 moratam
1025 2817 1241 2855 invenimus.
1285 2816 1355 2854 Est
1371 2829 1483 2853 unum

825 2871 1039 2922 Megaricae
1064 2879 1186 2912 terrae
1212 2874 1390 2924 oppidum
1417 2873 1484 2909 ob·-

826 2942 992 2977 scurum,
1032 2931 1135 2981 quod
1180 2930 1387 2968 nominatur
1410 2929 1483 2968 Αἰ-
