1759 3324
548 253 973 295 EUTERPE.
1024 254 1072 294 11.
1292 257 1377 298 749

109 387 198 422 ων,
245 368 369 414 ὁκότε
398 366 682 421 συμμίσγοιεν
709 369 823 407 τοῖσι
848 363 1050 421 ρἘλλησι,
1099 363 1372 418 ἀπώλλυντο,

108 447 249 492 αὐτοῦ
290 448 334 490 δὲ
365 443 569 500 Πριάμου
600 442 682 486 οὐκ
712 443 800 486 ἔστι
836 442 907 487 ὅτε
949 441 1003 487 οὐ
1035 441 1116 487 δύο
1145 444 1175 501 ἢ
1202 450 1317 499 τρεῖς
1344 445 1373 501 ἢ

104 528 176 571 καὶ
207 527 267 569 ἔτι
294 525 469 574 πλείους
497 525 584 565 τῶν
602 523 794 575 παίδων,
827 522 966 578 μάχης
991 523 1243 580 γινομένης,
1267 524 1372 568 άπέ*

103 611 321 661 θνησκον,
362 604 398 646 εἰ
426 601 506 658 χρή
535 618 576 644 τι
605 606 719 645 τοῖσι
750 601 994 646 ἐποποιοῖσι
1023 602 1270 659 χρεώμενον
1299 605 1371 647 λέ-

74 688 214 740 4γειν·
245 681 416 726 τούτων
447 680 492 724 δὲ
529 680 745 724 τοιούτων
784 680 1138 738 συμβαινόντων,
1176 682 1259 739 ἐγώ
1291 683 1371 740 μὲν

100 763 308 818 ἔλπομαι,
367 763 404 805 εἰ
445 761 517 804 καὶ
556 759 690 811 αὐτὸς
727 763 930 816 Πρίαμος
972 763 1168 806 συνοίκεε
1203 761 1367 821 Ἑλένῃ,
1383 772 1426 804 10

101 841 352 886 ἀποδοῦναι
382 840 436 884 ἂν
467 837 606 896 αὐτὴν
642 844 756 882 τοῖσι
789 837 1014 896 Ἀχαιοῖσι,
1074 840 1286 896 μέλλοντά
1320 859 1368 898 γε

71 922 158 978 5δὴ
188 925 277 964 τῶν
307 918 560 974 παρεόντων
589 922 738 962 κακῶν
767 918 1159 977 άπαλλαγήσεσθαι.
1203 919 1257 965 ov’
1289 922 1367 978 μὲν

99 999 203 1044 οὐδὲ
231 999 258 1057 ἡ
289 1002 489 1057 βασιληίη
529 999 573 1049 ἐς
605 997 885 1053 Ἀλέξανδρον
919 1001 1106 1057 περιήῖε,
1157 1000 1265 1044 ὥστε
1294 1002 1366 1058 γέ-

100 1097 257 1136 ροντος
288 1079 496 1135 Πριάμου
528 1077 700 1130 ἐόντος,
748 1076 816 1120 ἐπ’
852 1077 1002 1136 ἐκείνῳ
1042 1079 1095 1122 τὰ
1133 1079 1366 1136 πρήγματα

101 1157 235 1203 εἶναι·
293 1157 402 1203 ἀλλὰ
432 1159 633 1214 ”Έκτωρ,
680 1157 754 1201 καὶ
799 1156 1091 1214 πρεσβύτερος
1128 1159 1202 1202 καὶ
1253 1157 1422 1216 άνὴρ15

97 1238 265 1282 ἐκείνου
293 1242 456 1294 μᾶλλον
486 1237 594 1290 ἐῶν,
625 1237 767 1293 ἔμελλε
791 1234 930 1292 αὐτὴν
954 1236 1161 1294 Πριάμου
1192 1236 1366 1283 dnona-

96 1317 254 1369 νόντος
285 1316 679 1373 παραλάμψεσθαι·
731 1315 810 1360 τόν
840 1315 895 1360 ov'
925 1321 1116 1374 προσῆκε
1146 1316 1366 1363 οἷδικέοντι

95 1401 158 1457 τῷ
187 1396 383 1454 ἀδελφεῷ
413 1396 678 1452 ἐπιτρέπειν,
717 1397 789 1440 καὶ
817 1400 954 1440 ταῦτα
985 1395 1185 1453 μεγάλων
1214 1403 1365 1442 κακῶν

96 1475 150 1521 δι’
179 1475 315 1521 αὐτὸν
346 1475 682 1533 συμβαινόντων
711 1477 800 1533 ἰδίῃ
829 1493 873 1520 τε
903 1476 978 1520 καὶ
1007 1474 1127 1533 αὐτῷ
1154 1477 1228 1520 καὶ
1248 1482 1364 1520 τοῖσι

96 1556 266 1601 ἄλλοισι
304 1560 410 1600 πᾶσι
452 1558 609 1610 Τρωσί.
665 1554 777 1599 Ἀλλ’
820 1554 874 1600 οὐ
910 1555 994 1612 γὰρ
1037 1554 1154 1612 εἶχον
1185 1556 1419 1614 Ἑλένηνὲο

95 1635 340 1680 ἀποδοῦναι
370 1633 473 1679 οὐδὲ
503 1635 677 1692 λέγουσι
707 1633 878 1679 αὐτοῖσι
913 1635 994 1691 τήν
1023 1634 1241 1692 άληθηΐην
1269 1636 1361 1680 ἐπί-

95 1726 251 1759 στευον
280 1717 323 1758 οἱ
339 1716 562 1771 ’Έλληνες-
594 1714 652 1766 ὦς
679 1716 758 1771 μὲν
795 1715 876 1771 ἐγώ
904 1713 1084 1770 γνώμην
1111 1713 1361 1771 ἀποφαίνο-

94 1811 195 1850 μαι,
224 1798 307 1838 τοῦ
338 1795 570 1851 δαιμονίου
600 1793 1029 1851 παρασκευάζοντος,
1068 1793 1181 1847 ὅκως
1209 1811 1359 1839 πανω-

760 2032 786 2068 μ
798 2012 824 2067 ἢ
835 2030 859 2055 ν
890 2009 942 2055 οὗ
955 2016 977 2055 δ
988 2013 1016 2054 ἑ.
1066 2014 1148 2054 Nec
1165 2020 1289 2054 tamen
1308 2017 1415 2065 quid-

758 2086 868 2123 quam
888 2073 1113 2110 mutandum.

815 2124 875 2168 ἐπ’
897 2128 1034 2182 ἐκείνῳ
1052 2126 1101 2167 τοὶ
1129 2124 1339 2180 πρήγματα
1362 2125 1412 2168 εἷ-

37 2027 191 2065 eamque
216 2015 418 2065 longiorem
449 2015 574 2053 inferri
604 2015 692 2054 soli-

33 2075 119 2109 tam.

91 2176 203 2221 ὁκότε
227 2183 484 2235 συμμίσγοιεν
497 2179 692 2224 τοῖσίἘλ-

35 2238 143 2286 λησι]
176 2236 470 2292 συμμιγνύναι,
501 2254 577 2279 cum
595 2241 690 2279 hoste

35 2294 222 2342 congredi,·
251 2301 291 2334 ut
316 2298 475 2344 Ι,127.
509 2300 588 2339 166
616 2303 686 2336 etc·

36 2350 140 2387 —In
160 2365 262 2418 seqq
281 2354 490 2392 formulam:
512 2350 587 2394 οὐκ
609 2354 687 2395 ἐστι

34 2400 97 2444 ότε
124 2421 172 2445 ου
202 2409 386 2447 cultiorem
417 2411 506 2448 dicit
534 2411 686 2450 Wesse-

35 2460 122 2511 ling.
139 2463 339 2515 Schweigh.
360 2467 396 2503 in
412 2467 478 2504 lex.
496 2468 636 2505 Herod.
655 2483 684 2507 s.

37 2530 73 2555 v.
92 2514 156 2557 ὅτε
175 2521 248 2558 eius
273 2536 418 2560 sensum
447 2524 497 2561 ita
516 2526 684 2575 exponit:

37 2573 154 2621 „Non
174 2580 223 2613 est
243 2578 338 2625 (vzel
363 2593 430 2616 non
441 2580 555 2630 fuat),
577 2595 682 2632 quum

36 2642 104 2666 non
122 2636 202 2679 etc„
231 2634 268 2671 id
289 2639 363 2673 est:
393 2649 572 2687 nunquam
590 2652 681 2683 non,-

36 2697 163 2736 semper
191 2692 320 2738 quoties
341 2691 485 2741 factum
507 2695 681 2744 proelium

36 2755 71 2778 es
59 2745 88 2778 t
109 2747 174 2780 etc
177 2746 202 2765 “
224 2767 273 2774 —
305 2746 469 2800 ἔλπομαι
489 2755 565 2788 est:
580 2755 683 2801 puto,

36 2800 212 2847 existimo,
243 2803 339 2851 utI,
369 2805 435 2846 65.
464 2806 522 2854 ΙΙ,
541 2809 605 2848 11.
627 2809 682 2849 26

37 2859 105 2892 etc.
141 2876 197 2884 —
243 2857 302 2897 Ad
340 2857 399 2899 ου’
438 2859 523 2912 μὲν
562 2859 683 2902 ου’δὲ

37 2911 132 2948 conf.
165 2911 221 2961 II,
244 2916 316 2962 12,
353 2917 414 2954 ubi
442 2917 592 2967 legitur:
627 2915 682 2959 οὕ

759 2185 847 2236 ναι]
887 2186 991 2224 Bene
1022 2186 1411 2234 Schweighaeuserus:

758 2246 800 2279 ut
818 2256 931 2280 rerum
949 2254 1083 2279 summa
1109 2256 1210 2292 penes
1231 2243 1332 2279 illum
1348 2243 1412 2293 fo-

755 2303 818 2336 ret.
876 2299 975 2336 Nam
1020 2295 1232 2351 πράγματα
1277 2300 1412 2337 indicat

753 2358 933 2407 imperium
946 2385 956 2403 ‚
974 2369 1086 2392 rerum
1103 2369 1281 2394 summam.
1300 2356 1409 2394 Conf.

754 2417 847 2450 nott.
856 2414 901 2450 ad
912 2413 1090 2449 Plutarch.
1102 2413 1255 2450 Flamin.
1268 2427 1304 2464 p.
1317 2415 1337 2454 1
1346 2415 1408 2454 19.

753 2469 812 2507 De
852 2483 919 2506 usu
958 2469 1239 2520 praepositionis
1277 2468 1343 2509 ἐπὶ
1372 2470 1409 2507 in

752 2526 951 2564 locutione:
991 2521 1048 2565 ἐπ’
1087 2525 1225 2579 ε’κείνῳ
1266 2527 1408 2564 monuit

750 2582 912 2620 Fischer.
933 2583 981 2620 ad
991 2582 1138 2620 Weller.
1151 2583 1216 2630 ΙΙΙ,
1226 2585 1251 2624 6
1263 2596 1299 2634 p.
1312 2583 1407 2624 235.

749 2659 805 2666 —
833 2638 875 2676 In
900 2652 1003 2689 seqq.
1030 2635 1134 2691 ἀνήρ
1170 2652 1280 2677 sensu
1320 2641 1408 2677 emi-

753 2696 856 2733 nenti
886 2697 1153 2746 accipiendum,
1183 2697 1231 2734 de
1259 2709 1333 2745 quo
1361 2697 1407 2734 ef.

753 2751 841 2798 Vll,
863 2754 946 2794 210
966 2753 1089 2802 ibique
1108 2751 1283 2790 Valcken.

807 2810 881 2847 τοῦ
909 2808 1119 2859 δαιμονίου
1151 2802 1406 2860 παρασκευά-

752 2864 916 2913 ζοντος,
954 2861 1057 2911 ’ὅκως
1084 2865 1345 2919 πανωλεθρίῃ
1367 2879 1403 2903 κ.

750 2935 781 2958 τ.
803 2919 853 2971 λ.]
894 2921 1084 2959 Pertinent
1112 2922 1183 2959 huc
1209 2934 1279 2970 ea,
1308 2933 1404 2972 quae
