1759 3324
293 260 378 302 50⁰

295 369 386 413 ἐστι
415 366 439 412 ὁ
469 367 649 418 κόλπος,
686 365 821 421 ἥμισυ
857 363 1018 421 ἡμέρης
1047 360 1201 405 πλόου.

691 251 1161 295 HERODOTI

1263 359 1388 414 ῥηχίη
1428 357 1472 402 δ’
1510 357 1559 401 ἓν

269 447 424 507 3αὕτς5
452 448 527 491 καὶ
555 446 746 503 ἄμπωτις
777 442 865 486 ἀνὰ
893 447 1039 486 πᾶσαν
1066 439 1231 495 ἡμέρην
1262 440 1439 494 γίνεται.
1471 436 1559 479 ἕτε-

300 543 381 582 ρον
411 530 614 569 τοιοῦτον
642 523 809 567 κόλπον
847 522 922 565 καὶ
958 521 1036 577 τὴν
1067 520 1291 573 Αἴγυπτον
1322 516 1458 560 δοκέω
1487 531 1560 571 γε-

298 606 455 649 νέσθαι
493 619 576 647 κου
588 618 597 627 ·

299 682 466 727 κόλπον
495 679 695 734 ἐσέχοντα
724 678 792 721 ἐπὶ
821 679 1080 732 Αἰθιοπίης·

655 600 734 644 τὸν
773 600 873 655 μὲν,
916 599 964 643 ἐκ
1000 603 1076 655 τῆς
1115 599 1297 651 βορηίης
1337 593 1561 649 θαλάσσης

1139 674 1218 718 τόν
1248 675 1294 717 δὲ
1332 672 1535 729 Ἀράβιον
1547 704 1557 724 ,
1572 679 1617 712 70

300 762 378 804 τὸν
407 760 584 814 ἔρχομαι
613 756 766 809 λέξων,
798 755 845 799 ἐκ
875 759 950 811 τῆς
977 756 1123 809 νοτίης
1152 754 1346 809 φέροντα
1375 752 1444 796 ἐπὶ
1466 756 1560 795 Συ-

305 840 399 893 ρίης
413 853 421 862 ·

466 835 620 891 σχεδὸν
657 835 735 889 μὲν
774 833 1002 889 ἀλλήλοισι
1041 834 1425 886 συντετραίνοντας
1459 829 1562 881 τούς

304 915 491 973 μυχούς,
535 911 681 969 ὀλίγον
714 912 829 956 δέτι
870 909 1254 965 παραλλάσσοντας
1284 913 1359 965 τῆς
1401 906 1560 963 χώρης.

249 1102 379 1153 possis.
410 1099 534 1142 Quare
550 1097 777 1135 Herodotum
794 1097 840 1133 de
859 1108 903 1133 ea

248 1159 355 1195 huius
373 1156 470 1194 sinus
500 1159 604 1206 parte
630 1154 732 1202 loqui
757 1153 903 1199 mavult,

253 1215 314 1263 qui
363 1212 472 1260 vulgo
521 1213 618 1247 sinus
664 1209 903 1258 Heroopolites

252 1269 465 1321 appelletur.
511 1267 674 1304 Maxima
709 1266 805 1303 enim
835 1265 903 1301 hu-

256 1327 311 1363 ius
329 1326 426 1362 sinus
444 1324 597 1361 latitudo
617 1322 804 1359 dimidium
828 1322 906 1358 sere

255 1383 391 1431 gradus
420 1379 627 1429 acquatoris
656 1378 812 1429 complet
839 1389 907 1414 nec

256 1438 454 1476 stadiorum
486 1440 728 1473 trecentorum
763 1446 909 1472 mensu-

255 1507 333 1532 ram
353 1493 422 1530 ullo
448 1492 558 1530 modo
583 1492 733 1529 excedit.

312 1549 428 1600 ῥηχίη
447 1543 482 1587 δ’
501 1547 542 1587 ἐν
562 1543 906 1601 αὐτῷ-γίνεται]

255 1604 442 1655 Aquarum
458 1605 495 1640 in
515 1605 594 1641 sinu
610 1604 764 1640 Arabico
791 1604 908 1639 fluxus

257 1675 300 1699 ac
325 1662 482 1698 refluxus
518 1661 604 1697 satis
634 1665 753 1696 notus.
801 1659 909 1695 Conf.

256 1717 410 1755 Diodor.
431 1716 538 1754 Sicul.
560 1715 633 1762 lll,
655 1718 708 1755 40
732 1720 767 1753 et
789 1714 908 1751 Exod.

257 1773 357 1820 XIV,
369 1776 434 1814 21.
449 1776 502 1813 22
514 1772 600 1821 ibiq.
617 1773 819 1822 iuterprett.
830 1771 910 1807 Ro-

258 1829 460 1867 senmiiller.
482 1828 574 1865 Bibl.
595 1827 832 1876 Archaeolog.
859 1827 912 1864 ΙΙΙ

257 1898 344 1937 pag.
365 1884 446 1926 265
469 1898 571 1933 seqq.

316 1941 360 1980 ἐκ
389 1943 461 1992 τῆς
491 1940 678 2008 βορηίης
702 1934 912 1989 θαλασσης

259 1992 406 2036 κόῖπον
439 1996 498 2036 ἒεσ
483 1995 621 2047 ’χοντα
662 1994 727 2034 ἐπὶ
766 1995 909 2033 Αἰθιο-

259 2053 377 2102 πίης]
409 2068 434 2102 η
467 2053 610 2102 βορηΐη
637 2048 822 2089 θάλασσα
855 2055 911 2088 est

259 2109 562 2146 mediterraneum
583 2107 802 2156 quodvulgo
821 2107 910 2143 dici-

260 2177 340 2202 mus
356 2176 475 2211 mare,
506 2163 560 2200 cui
579 2163 775 2213 opponitur
797 2160 826 2213 η’
846 2177 909 2201 νο-

261 2221 324 2265 τίη
345 2216 549 2266 θάλασσα,
587 2231 681 2267 quae
702 2219 829 2256 eadem
857 2223 912 2256 est

261 2274 290 2327 ἦ
312 2272 490 2326 Ἐρυθρη
515 2276 588 2312 sive
615 2275 782 2311 Oceanus
814 2274 913 2311 Indi-

263 2345 338 2378 cuS,
367 2333 464 2368 cuius
483 2344 568 2381 pars
590 2334 644 2367 est
665 2331 763 2367 sinus
780 2329 910 2367 Arabi-

263 2401 336 2425 cus.
354 2408 410 2415 —-
437 2387 496 2425 De
517 2385 701 2436 ἐσέχοντα
725 2387 819 2423 conf.
842 2387 912 2422 ini-

262 2445 352 2481 tium
386 2444 524 2494 capitis.
580 2443 750 2480 Proxima
779 2443 910 2479 verba:

260 2495 472 2551 Ἀράβιον,
502 2494 572 2538 τόν
600 2497 759 2549 ἔρχομαι
777 2496 912 2546 λέξων,

265 2569 359 2604 quae
384 2556 421 2592 in
446 2555 610 2592 omnibus
640 2555 736 2592 libris
767 2567 913 2604 compa-

265 2616 358 2658 rent,
375 2612 476 2648 uncis
487 2611 625 2648 inclusit
633 2611 910 2659 Schweighaeu-

267 2681 389 2714 serus,
420 2668 522 2716 quasi
547 2667 662 2705 aliena
679 2668 724 2704 ab
745 2667 813 2703 hoc
831 2667 911 2704 loco

267 2727 304 2760 et
322 2736 366 2761 ex
386 2723 521 2760 scholio
542 2724 626 2760 olim
649 2723 720 2761 huc
746 2723 913 2773 imperite

266 2780 416 2816 invecta.
446 2780 598 2817 Secutus
622 2793 703 2816 eum
729 2784 784 2817 est
803 2779 912 2816 Gais-

265 2836 415 2872 fordius.
443 2834 533 2872 Mihi
549 2839 669 2873 tamen
681 2837 773 2872 iusta
786 2847 829 2873 ac
838 2836 913 2872 suf-

267 2891 391 2929 ficiens
409 2903 515 2929 causa
530 2890 627 2929 haud
643 2891 823 2943 apparuit,
852 2903 914 2929 cur

968 1108 1076 1132 voces
1106 1094 1193 1131 istas
1231 1094 1458 1139 damnarem3
1498 1092 1623 1141 itaque

969 1152 1068 1188 uncis
1087 1150 1247 1187 libmaxi.

1029 1205 1168 1257 σχεδὸν
1199 1204 1269 1257 μὲν
1299 1200 1504 1256 αλλήλοισι
1532 1215 1624 1243 συν-

970 1280 1009 1303 τε
996 1264 1246 1316 ετραίνοντας
1264 1278 1358 1309 τους
1371 1277 1531 1313 μυχους,
1545 1256 1626 1300 ὀλί-

973 1336 1044 1384 γον
1065 1319 1106 1359 δέ
1124 1335 1160 1358 τι
1179 1315 1527 1370 παραλλασσοντας
1554 1319 1626 1367 τῆς

973 1373 1127 1429 χωρης]
1149 1391 1241 1422 τους
1267 1390 1416 1426 μυχους
1440 1380 1496 1412 est
1522 1387 1628 1411 accu-

977 1435 1066 1471 sativ
1071 1447 1111 1470 us
1146 1433 1294 1479 obiecti,
1341 1433 1402 1481 qui
1431 1431 1569 1481 pendet
1605 1442 1626 1466 3

975 1490 1086 1527 verbo
1123 1488 1489 1539 συντετραίνοντας,
1527 1486 1627 1535 quod

976 1547 1094 1596 ipsum
1116 1545 1214 1582 haud
1235 1545 1338 1582 aliter
1356 1548 1463 1593 atque
1481 1545 1628 1593 παραλ-

976 1598 1192 1647 λασσοντας
1210 1601 1456 1638 reserridebet
1472 1600 1520 1636 ad
1537 1577 1627 1637 κόλ-

976 1673 1098 1705 πους,
1129 1655 1218 1705 (τόν
1240 1652 1455 1707 μὲν--τόν
1476 1652 1537 1704 δὲ)
1557 1653 1630 1693 Ae-

978 1715 1200 1765 gyptiacum,
1214 1726 1322 1762 quem
1337 1712 1474 1759 statuit,
1484 1716 1522 1749 et
1536 1709 1629 1748 Ara-

978 1773 1107 1808 bicum.
1152 1770 1312 1807 Verbum
1340 1767 1629 1819 συντετραίνειν

979 1827 1181 1875 Schweigh.
1204 1827 1241 1862 in
1259 1825 1380 1863 Lexic.
1402 1825 1577 1862 Herodot.
1597 1837 1627 1861 s.

978 1896 1010 1919 v.
1031 1883 1169 1919 reddit:
1195 1880 1407 1932 perforando
1434 1882 1576 1928 iungere
1596 1883 1629 1916 et

978 1941 1138 1985 miscere,
1168 1938 1220 1974 ita
1245 1942 1286 1974 ut
1315 1936 1384 1973 duo
1403 1938 1512 1974 maris
1530 1937 1629 1973 sinus

978 2008 1021 2032 ex
1039 1995 1194 2031 adverso
1215 1994 1282 2030 sibi
1300 1998 1526 2030 occurrentes
1546 2005 1630 2042 pro-

971 2050 1152 2100 pemodum
1170 2050 1240 2086 sibi
1263 2051 1409 2086 invicem
1429 2048 1630 2099 perforasse

976 2108 1116 2143 intimos
1132 2119 1211 2142 suos
1230 2119 1380 2142 recessus
1409 2110 1516 2156 atque
1543 2106 1630 2144 adeo

977 2164 1131 2199 ium-isse
1177 2165 1209 2198 et
1250 2164 1427 2199 miscuisse
1453 2163 1628 2199 dicantur.

978 2218 1109 2255 Melius
1125 2219 1231 2255 credo
1243 2218 1446 2256 Blomfield.
1463 2219 1501 2255 in
1519 2219 1631 2256 Glos-

980 2287 1048 2311 sar.
1066 2275 1113 2310 ad
1131 2275 1294 2323 Aeschyl.
1310 2275 1516 2325 Choephor.
1533 2275 1629 2316 449.

980 2331 1268 2381 συντετραίνειν
1288 2332 1414 2368 vertit:
1445 2331 1550 2368 simul
1576 2335 1629 2368 te-

978 2386 1133 2433 rebrare,
1162 2386 1303 2435 locique
1328 2400 1472 2425 sensum
1500 2387 1550 2425 ita
1568 2399 1631 2425 ex-

978 2443 1119 2493 posuit:
1150 2443 1222 2489 „ad
1241 2445 1380 2480 intimos
1400 2457 1552 2481 recessus
1564 2456 1630 2494 pe-

978 2502 1117 2535 netrant
1133 2499 1220 2536 idem
1233 2499 1314 2548 sere
1342 2504 1454 2537 terrae
1475 2503 1630 2550 spatium

979 2555 1200 2602 dissecantes,
1218 2560 1259 2592 ut
1276 2558 1417 2593 initium
1436 2557 1540 2594 huius
1551 2569 1632 2593 cum

970 2612 1046 2661 fine
1063 2611 1162 2648 illius
1179 2612 1368 2659 concordet,
1397 2613 1487 2662 quod
1501 2612 1549 2650 ad
1559 2625 1629 2662 pa-

977 2667 1201 2704 rallelismum
1218 2671 1363 2712 astinem
1385 2682 1500 2718 parvo
1514 2673 1630 2706 autem

978 2726 1092 2773 spatio
1108 2726 1308 2773 interposito
1325 2727 1414 2761 inter
1430 2738 1465 2761 se
1484 2725 1627 2762 distant.

977 2779 1197 2817 Mendosum
1215 2784 1289 2827 est,
1319 2782 1418 2829 quod
1441 2781 1522 2818 libri
1549 2781 1630 2830 qui-

978 2836 1063 2873 dam
1100 2836 1260 2873 afferunt
1291 2837 1631 2890 συμπεραίνοντας

975 2904 1044 2944 pro
1062 2891 1420 2945 συντετραίνοντας.
