1777 3324
9 1011 107 1058 216
129 1011 320 1066 Νόμοισι
349 1009 395 1053 δὲ
423 1010 633 1067 χρέωνται
661 1011 872 1053 τοιοῖσδε
912 1015 1100 1066 γυναῖκα
1138 1008 1216 1063 μὲν
1244 1007 1393 1063 γαμέει
1449 1020 1502 1082 [οἱ
1497 1030 1585 1083 onfsn
1588 1022 1715 1084 ehaben
1699 1028 1731 1053 nt

1447 1090 1498 1123 qui
1547 1099 1597 1116 sen
1660 1101 1699 1118 uu

1449 1131 1538 1150 lmmo
1523 1124 1581 1150 olai
1571 1129 1633 1184 ἐῑε
1617 1114 1730 1165 etepu-

1585 1159 1663 1219 &lig
1667 1166 1730 1220 3208

37 3003 43 3159 l

41 3173 47 3324 l

607 263 828 302 cL10.
883 262 912 300 1.

1311 263 1396 303 473

131 377 305 434 angzc'cg',
345 377 417 420 καὶ
448 373 592 429 ἄρδις,
639 373 714 416 καὶ
744 370 948 429 σαγάρις,
992 373 1139 428 χαλκῷ
1165 370 1218 414 τοὶ
1250 370 1420 426 πάντα,

128 458 353 513 χρέωνται·
383 454 464 498 ὅσα
495 453 539 496 δὲ
575 453 674 507 περὶ
702 451 917 509 κεφαλὴν,
947 451 1022 495 καὶ
1051 454 1289 506 ζωστῆρας,
1320 449 1394 494 καὶ
1407 454 1450 491 85

102 537 503 591 ὃμασχαλιστῆρας,
554 535 703 591 χρυσῷ
742 531 1012 587 κοσμέονται.
1074 529 1132 582 ὡς
1175 529 1216 573 δ’
1250 528 1392 580 αὕτως

128 618 216 657 τῶν
244 615 389 656 ἵππων
417 612 470 656 τὰ
500 612 578 668 μὲν
621 612 720 667 περὶ
758 611 811 655 τοὶ
842 610 1021 667 στέρνα,
1064 609 1273 666 χαλκέους
1304 607 1393 652 θώ-

131 708 265 748 ρηκας
292 691 624 748 περιβάλλουσι·
665 691 719 734 τὰ
754 691 801 735 δὲ
830 693 930 748 περὶ
956 692 1060 743 τοὺς
1088 688 1294 748 χαλινοὺς
1323 687 1396 732 καὶ

100 771 285 828 4στόμια
313 772 387 816 καὶ
418 770 625 828 φάλαρα,
669 776 830 831 χρυσῷ.
891 771 1055 829 σιδήρῳ
1097 770 1142 814 δὲ
1181 765 1281 812 οὐδ’
1322 764 1395 823 ἄρ-

127 850 247 908 γύρῳ
285 850 496 907 χρέωνται
536 849 684 894 οὐδέν·
736 850 839 895 οὐδὲ
868 851 953 908 γὰρ
985 850 1089 895 οὐδέ
1121 851 1201 906 σφί
1231 848 1320 891 ἐστι
1349 847 1397 890 ἐν

128 946 180 988 ‘⁶32
222 928 364 989 χώρῃ

100 1089 336 1144 Ξὲκαστος,
366 1088 549 1147 ταύτησι
580 1090 626 1133 δὲ
652 1089 850 1133 ἐπίκοινα
866 1089 1088 1145 χρέωνται.
1123 1087 1148 1131 ὃ
1165 1087 1250 1143 γάρ
1272 1085 1388 1130 Σκύ-

129 1174 213 1221 θας
239 1171 347 1225 φασὶ
364 1168 568 1226 Ἕλληνες
597 1170 780 1222 ποιέειν,
825 1167 880 1212 οὐ
908 1168 1088 1212 Σκύθαι
1119 1166 1198 1210 εἰσὶ
1228 1168 1271 1209 οἱ
1298 1182 1391 1210 ποι-

131 1247 296 1301 έοντες,
326 1249 435 1294 α’λλα
466 1249 775 1305 Μασσαγέται·
813 1253 890 1305 τῆς
917 1249 999 1305 γὰρ
1030 1244 1288 1302 ἐπιθυμήσει
1318 1263 1391 1302 γυ-

129 1328 282 1379 ναικὸς
312 1330 596 1385 Μασσαγέτης
627 1327 760 1386 ανὴρ,
790 1328 869 1372 τὸν
899 1330 1181 1384 φαρετρεῶνα
1211 1324 1392 1380 ἅποκρε-
1403 1333 1519 1366 95111111
1547 1335 1580 1354 ⁰⁰

102 1407 274 1461 ὅμοι’σας
302 1408 389 1461 πρὸ
418 1413 495 1465 τῆς
525 1408 715 1466 ἁμάξης,
747 1410 942 1464 μίσγεται
972 1404 1117 1457 αδεῶς.

422 928 446 975 ὁ
489 931 535 974 δὲ
573 929 731 986 χαλκός
770 931 844 974 καὶ
883 929 907 974 ὁ
957 929 1141 987 χρυσός,

1202 927 1395 978 ἄπλετος.
1407 935 1451 968 90

1171 1398 1316 1458 Οὗρος
1346 1405 1392 1448 δὲ

132 1484 301 1543 ἡλικίης
332 1498 411 1544 σφι
449 1488 679 1543 προκέεται
708 1486 839 1539 ἄλλος
867 1486 946 1542 μὲν
976 1485 1143 1536 οὐδείς·
1194 1483 1325 1528 ἐπεὰν
1353 1483 1401 1528 δὲ

133 1564 276 1621 γέρων
310 1565 485 1624 γένηται
524 1567 686 1624 κάρτα,
746 1569 790 1611 οἱ
825 1564 1120 1625 προσήκοντές
1161 1565 1204 1608 οἱ
1242 1562 1401 1615 πάντες

77 1743 263 1793 λιστῆρας
279 1743 316 1780 in
338 1756 440 1793 seqq.
464 1757 543 1781 cum
563 1742 730 1793 Schwgh.

78 1799 115 1834 in
139 1798 275 1836 Lexico
304 1799 517 1837 Herodoteo
545 1800 730 1838 intellexe-

80 1854 148 1891 rim
167 1856 213 1893 de
243 1855 321 1893 loco
346 1858 504 1906 quodam
523 1871 551 1894 s.
576 1856 731 1906 cingulo,

82 1912 182 1960 quod
211 1925 321 1963 supra
349 1913 473 1950 axillas
498 1917 645 1962 gestant
665 1914 732 1949 ho-

14 2017 17 2028 ,
81 1968 218 2017 mines,
258 1969 357 2006 cuius
399 1969 526 2007 fibulas
567 1983 610 2007 ex
641 1982 730 2007 auro

83 2026 263 2063 confectas
280 2025 416 2064 habent
437 2026 682 2076 Massagetae.

250 2082 360 2132 Cap.
401 2083 569 2120 CCXVI.

138 2133 303 2192 ταύτῃσι
322 2135 364 2178 δέ
385 2137 567 2179 ἐπίκοινα
588 2137 737 2192 χρέων-

83 2193 167 2246 ται]
211 2195 309 2233 Olim
349 2194 414 2235 ἒπὶ
451 2193 586 2245 κοινοὶ,
633 2198 734 2234 cuius

82 2250 162 2289 loco
183 2251 243 2289 alii
272 2250 456 2292 ἐπίκοινα
486 2254 510 2291 ἱ.
537 2267 568 2292 e.
601 2255 734 2304 promi-

85 2320 185 2356 scue,
214 2321 295 2346 cum
309 2309 519 2347 adverbium
543 2310 599 2348 sit.
643 2310 736 2348 Pro-

85 2364 174 2402 bant
199 2364 294 2402 hanc
332 2367 669 2417 interpretafionem
700 2370 737 2404 et

88 2433 151 2467 ea,
178 2434 272 2470 quae
300 2428 518 2472 sequuntur,
557 2428 595 2461 et
620 2424 736 2475 ipsius

88 2476 276 2515 Strabonis
313 2480 424 2517 verba
455 2480 585 2518 eadem
621 2481 670 2518 de
697 2493 737 2518 re

90 2532 145 2569 XI
175 2546 210 2583 p.
240 2534 344 2583 780,
376 2535 424 2574 D.
454 2535 619 2585 781,A.
678 2536 738 2574 De

91 2586 292 2637 ἐπίκοινος
312 2591 382 2630 hoe
415 2606 524 2631 sensu
547 2594 642 2631 conf.
672 2593 738 2642 IV,

95 2646 188 2685 104.
216 2648 307 2688 172
331 2651 411 2690 180
451 2650 532 2687 coll.
570 2650 642 2698 VI,
673 2652 738 2692 19.

95 2700 220 2743 Quare
244 2714 317 2739 non
352 2706 555 2744 audiendus
587 2707 740 2755 Coraes,

32 2801 35 2807 .
95 2757 158 2804 qui
187 2757 244 2794 vel
277 2757 341 2798 ἐπὶ
371 2765 513 2803 κοινοῦ
542 2762 742 2812 legendum

96 2812 152 2849 vel
171 2810 236 2852 ἐπὶ
258 2813 373 2855 κοινα
394 2818 464 2856 hoc
481 2820 610 2858 eodem
634 2833 743 2858 sensu

96 2868 343 2918 accipiendum
376 2879 519 2924 censet,
554 2880 595 2913 ut
629 2877 675 2914 sit
703 2890 745 2914 en

92 2924 225 2975 public.
282 2927 359 2967 Sed
389 2933 484 2970 conf.
515 2931 671 2985 Procop.
697 2934 745 2972 de

799 1742 883 1781 bell.
902 1742 1005 1781 Pers.
1026 1742 1064 1791 Ι,
1081 1741 1107 1784 5
1136 1754 1222 1793 pag.
1249 1740 1323 1789 14,
1350 1740 1382 1778 C
1414 1753 1457 1778 ac

800 1801 847 1838 de
886 1799 990 1836 simili
1033 1799 1193 1848 quodam
1231 1811 1332 1836 more
1357 1798 1457 1848 apud

800 1856 1013 1905 Tyrrhenos
1041 1855 1324 1906 sheopompum
1358 1854 1458 1904 apud

799 1911 929 1950 Athen
951 1912 1043 1959 XII,
1063 1913 1089 1953 3
1115 1925 1202 1962 pag.
1220 1913 1313 1953 517.
1344 1910 1392 1948 D
1409 1910 1455 1975 F

857 1966 928 2011 τόν
945 1971 1202 2033 φαρετρεῶνα
1229 1961 1457 2019 ἀποκρεμα-

806 2037 877 2073 σας
893 2023 969 2078 πρὸ
988 2041 1059 2076 της
1081 2021 1285 2076 αμαξης]
1275 2038 1298 2061 1.
1319 2038 1350 2062 e.
1365 2023 1458 2073 pha-

804 2082 903 2120 ⁴retra
917 2096 984 2133 pro
996 2083 1161 2133 plaustro
1179 2080 1357 2131 suspensa.
1382 2080 1458 2116 Ea-

805 2140 914 2177 dem
906 2153 943 2176 ln
961 2153 1000 2177 re
1023 2140 1157 2176 Strabo
1177 2138 1231 2176 XI
1256 2151 1293 2189 p.
1315 2137 1398 2178 413
1428 2150 1457 2174 s.

804 2209 891 2247 pag·
918 2197 1024 2244 781,
1053 2195 1106 2233 A:
1153 2210 1228 2246 την
1255 2191 1459 2258 φαρέτραν

802 2249 1017 2305 ἐξαρτήσας
1066 2250 1109 2291 ἐκ
1157 2255 1230 2304 τῆς
1289 2245 1459 2301 ἁμάξης.

804 2311 959 2347 Confert
1004 2312 1195 2360 praeterea
1233 2306 1457 2356 VVesseling.

802 2366 984 2405 Herodot.
1007 2366 1072 2413 IV,
1096 2369 1178 2408 172
1205 2369 1243 2403 et
1269 2363 1458 2402 Aelianum

803 2423 900 2461 Hist.
921 2421 1077 2460 Animal.
1092 2422 1162 2470 Vl,
1184 2424 1275 2464 160.
1294 2443 1350 2449 ——
1369 2419 1460 2457 Mox

803 2480 931 2518 melius
949 2477 1159 2532 προκέεται
1169 2491 1237 2529 pro
1253 2477 1349 2527 vulg.
1360 2472 1458 2528 πρό-

804 2551 931 2576 κειται
955 2549 976 2575 e
1005 2536 1104 2573 libris
1124 2535 1344 2574 reduximus.
1401 2533 1461 2570 Ad

805 2594 918 2632 verba
956 2589 1076 2632 ἐπεάν
1113 2590 1157 2631 δὲ
1191 2590 1319 2644 γέρων
1348 2588 1461 2643 γένη-

806 2665 871 2690 ται
890 2654 1013 2701 potest
1034 2649 1194 2701 suppleri
1217 2648 1291 2695 τίς.
1349 2647 1460 2684 Conf.

808 2708 857 2745 de
881 2707 1052 2755 subiecti,
1072 2707 1174 2755 quod
1194 2706 1338 2752 dicunt,
1351 2704 1462 2741 omis-

809 2765 912 2802 sione
928 2765 978 2801 ad
996 2763 1035 2812 Ι,
1056 2765 1137 2804 132
1156 2762 1236 2799 init.
1256 2765 1349 2799 nott.

867 2819 909 2860 οἷ
924 2815 1191 2872 προσήκοντες
1213 2840 1269 2846 -
1296 2813 1465 2866 θύουσι]

810 2877 894 2916 Vid.
920 2877 1042 2914 Strab.
1080 2875 1133 2914 XI
1153 2888 1240 2927 pag.
1273 2875 1357 2916 780
1383 2886 1462 2922 seq.

810 2946 897 2986 pag.
915 2934 998 2976 513
1019 2933 1078 2972 ed.
1102 2931 1262 2970 Casaub.
1318 2929 1463 2967 Similes

1448 1157 1488 1184 lau
1480 1162 1532 1217 ⁰utu

1483 1301 1546 1319 ce:
1523 1200 1617 1321 wgo
1611 1269 1731 1320 lenfsz

1565 1328 1665 1360 olunt,
1700 1330 1731 1354 et

1491 1360 1535 1386 uis
1562 1361 1666 1389 eisac
1652 1348 1731 1388 strfi

1452 1397 1531 1423 cant.
