1759 3324
515 251 940 290 EUTERPE.
992 251 1036 289 Π.

134 364 240 413 adv,
285 361 446 419 ἡμέρης
481 359 681 416 ἑκάστης·

1314 255 1400 296 567

738 361 908 404 δίδοται
953 362 1000 405 δέ
1040 371 1121 418 σφι
1158 361 1233 405 καὶ
1277 359 1399 414 οἶνος

105 441 383 498 9ἀμπέλινος.
435 439 600 494 ἰχθύων
649 438 694 482 δὲ
738 439 792 482 οὔ
843 451 922 493 σφι
974 441 1109 492 ἔξεστι
1156 439 1397 484 πάσασθαι.

133 520 328 574 κυάμους
368 518 413 561 δὲ
459 517 558 560 οὔτε
598 535 636 560 τι
678 518 792 572 μάλα
832 522 1060 574 σπείρουσι
1086 519 1323 575 Αἰγύπτιοι
1351 519 1454 563 ἐυ35

131 602 183 654 τῇ
211 594 355 654 χώρῃ,
385 596 489 648 τούς
518 613 562 640 τε
591 598 854 652 γενομένους
884 598 985 643 οὔτε
1015 599 1259 654 τρώγουσι,

77 686 120 719 10
131 676 308 728 ἕψοντες
336 676 582 722 πατέονται.

130 871 285 911 δίδοται
297 870 340 910 δέ
360 882 432 918 σφι
442 869 509 910 καὶ
527 867 638 919 οἶνος
659 867 730 922 οἷμ-

72 926 256 975 πέλινος]
289 929 362 972 Qui
379 928 583 978 Aegyptios
605 943 731 966 narra-

72 986 123 1022 vit
144 985 210 1031 (11,
229 986 304 1033 77)
332 985 414 1021 vino
450 986 499 1021 uti
523 999 565 1022 ex
590 986 729 1023 hordeo

71 1045 214 1093 param,
242 1055 324 1078 cum
345 1041 465 1078 nullae
484 1042 556 1077 sint
574 1055 641 1091 per
658 1041 731 1079 Ae-

73 1102 226 1148 gyptum
245 1098 358 1144 vites,
390 1098 486 1135 idem
512 1102 634 1135 tamen
658 1099 729 1134 vini

73 1167 179 1191 usum
198 1154 390 1203 Aegyptiis
412 1155 509 1191 haud
533 1154 641 1204 plane
662 1156 728 1192 ‹le-

73 1223 210 1259 negare
229 1212 340 1247 voluit
365 1212 406 1257 ll,
420 1214 484 1251 60.
516 1211 564 1247 Et
575 1217 730 1260 utroque

73 1267 152 1304 loco
172 1268 315 1304 addidit
331 1262 562 1316 οἷμπέλινον,
586 1281 632 1306 ne
654 1267 728 1304 scil.

74 1324 196 1360 vinum
225 1324 444 1372 intelligatur
480 1323 522 1363 ἐκ
553 1323 728 1375 κριθέων

71 1385 238 1430 paratum
258 1394 287 1417 s.
309 1381 492 1417 cerevisia.
530 1380 634 1418 Facit
661 1381 729 1417 huc

72 1449 183 1485 quam
201 1437 354 1474 maxime
375 1437 556 1474 Plutarchi
572 1437 669 1474 locus
682 1437 729 1474 de

70 1492 157 1530 Isid.
178 1498 214 1530 et
229 1493 365 1530 Osirid.
388 1496 503 1543 cap.6
523 1507 606 1543 pag.
631 1494 729 1541 353,

70 1548 117 1595 A,
146 1550 243 1586 unde
262 1550 432 1586 discimus
445 1578 455 1596 ‚
485 1551 629 1587 modice
647 1555 729 1586 tan-

70 1610 147 1642 tum
169 1619 237 1643 nec
257 1608 385 1656 quovis
411 1612 578 1656 tempore
606 1607 729 1643 vinum

72 1663 246 1700 sumsisse
284 1662 486 1712 Aegyptios
520 1664 728 1700 sacerdotes

71 1718 230 1768 itemque
254 1732 362 1767 reges
389 1724 522 1757 certam
543 1720 729 1768 quandam

72 1775 145 1811 vini
164 1788 371 1812 mensuram
391 1776 650 1825 praescriptam
670 1788 729 1811 ac—

71 1832 214 1881 cepisse
233 1832 319 1869 inde
340 1846 383 1869 ex
404 1832 649 1869 Psammitichi
668 1844 731 1868 ae-

71 1892 159 1935 tate,
181 1901 261 1925 cum
280 1895 388 1925 antea
404 1888 472 1925 illis
493 1890 614 1926 vinum
626 1901 731 1938 pror-

71 1958 134 1981 sus
173 1949 272 1982 esset
301 1950 486 1993 negatum.
544 1945 655 1981 Plura
682 1944 731 1980 ad

71 2000 167 2038 hunc
184 2001 365 2038 Plutarchi
386 2001 503 2038 locum
518 2031 529 2048 ‚
558 2005 730 2038 monente

75 2057 107 2095 C
113 2071 161 2104 r.‚
192 2058 384 2108 adscripsit
412 2058 667 2107 Wyttenbach.
692 2058 730 2093 in

71 2113 300 2151 Animadvss
320 2114 373 2162 ll,
394 2117 416 2156 1
440 2116 505 2163 (3)
525 2127 611 2164 pag.
640 2114 731 2154 173.

73 2169 134 2208 Tu
145 2171 239 2208 conf.
256 2172 365 2208 etiam
377 2171 619 2208 Chaeremon.
633 2170 732 2220 apud

72 2225 248 2276 Porphyr.
268 2228 316 2265 de
340 2228 471 2264 abstin.
491 2226 647 2264 animall.
667 2226 731 2273 IV,

74 2284 112 2324 6.
141 2283 200 2321 De
218 2284 342 2320 vitium
360 2284 512 2330 cultura,
529 2297 623 2333 quae
646 2287 733 2333 post

72 2338 366 2377 Psammitichum
385 2344 421 2378 et
440 2340 732 2378 Ptolemaeorum

75 2399 194 2433 aetate
219 2397 383 2447 inprimis
419 2410 485 2447 per
523 2397 732 2446 Aegyptum

75 2450 270 2491 invaluisse
287 2454 450 2500 videtur,
472 2454 544 2491 vid.
565 2458 658 2491 nott.
683 2452 732 2490 ad

75 2506 123 2553 Il,
144 2510 210 2548 77.

135 2558 286 2613 ἰχθύων
304 2562 347 2604 δὲ
366 2561 417 2605 01'1'
428 2577 501 2615 σφι
514 2564 635 2614 ἔξεστι
653 2560 732 2605 ποῖ-

79 2618 250 2671 σασθαι]
279 2621 380 2660 Idem
412 2626 565 2660 testatur
589 2623 732 2659 Plutar-

79 2675 166 2712 chus
187 2677 234 2713 de
253 2676 338 2714 Isid.
369 2683 406 2716 et
424 2680 558 2716 Osirid.
580 2693 616 2730 p.
633 2680 730 2725 353,

78 2729 114 2768 D
139 2730 246 2779 (ubi,
281 2740 453 2773 monente
475 2735 540 2773 Cr.
543 2735 732 2785 ‚reliquo-

79 2799 161 2822 rum
181 2789 391 2838 scriptorum
409 2791 506 2828 locos
528 2792 596 2829 hac
623 2793 670 2829 de
691 2805 731 2829 re

80 2843 231 2879 contulit
255 2845 437 2893 Wyttenb.
457 2852 484 2884 t.
501 2848 563 2885 111.
581 2848 730 2898 p.174)

81 2897 161 2934 coll.
185 2899 371 2951 Symposs.
394 2903 545 2947 Quaest.
573 2904 679 2951 VIII,
705 2906 732 2945 8

1294 597 1396 643 οὔτε

645 679 690 720 οἱ
719 677 764 721 δὲ
807 677 860 734 δὴ
902 678 1010 733 ἱρέες
1049 677 1155 723 οὐδὲ
1196 676 1399 734 ὁρέοντες

798 887 834 924 p.
854 875 949 919 729,
971 872 1014 910 Α.
1026 873 1070 910 Β.
1101 873 1212 917 Quod
1229 885 1316 910 vero
1332 872 1455 923 piscis,

799 935 838 967 ut
857 932 969 967 refert
994 930 1166 967 Clemens
1189 929 1453 967 Alexandrinus

799 987 933 1023 Strom.
960 986 990 1022 V
1019 984 1056 1036 ἓ.
1078 989 1101 1026 7
1125 998 1211 1036 pag.
1246 988 1328 1025 770
1357 985 1454 1022 Pott.

798 1041 991 1092 Aegyptiis
1020 1042 1105 1079 olim
1132 1042 1239 1079 fuerit
1260 1042 1334 1078 odii
1357 1055 1456 1090 sym-

797 1099 941 1144 bolum,
980 1098 1018 1135 id
1051 1111 1096 1136 eo
1133 1099 1264 1148 opinor
1302 1102 1456 1148 spectat,

797 1156 897 1204 quod
918 1155 1074 1192 Osiridis
1101 1167 1125 1192 a
1149 1154 1332 1204 Typhone
1360 1154 1456 1192 caesi

798 1216 835 1248 et
855 1212 893 1248 in
916 1210 1040 1248 Nilum
1066 1210 1218 1248 coniecti
1240 1223 1370 1261 corpus
1397 1210 1457 1260 pi-

797 1281 876 1305 sces
895 1267 1112 1304 dilacerasse
1131 1267 1352 1305 ferebantur.
1371 1265 1455 1304 vid.

797 1325 967 1361 Creuzer.
991 1323 1154 1372 Symbol.
1174 1323 1189 1360 l
1211 1336 1247 1373 p.
1269 1326 1351 1365 262
1376 1323 1456 1360 coll.

795 1380 828 1417 Il
850 1394 936 1430 pag.
957 1383 1011 1419 70
1041 1384 1116 1416 not.
1172 1380 1271 1416 Satis
1298 1383 1457 1426 constat,

795 1437 894 1487 apud
923 1436 1050 1485 Syrios
1078 1448 1226 1485 quoque
1252 1436 1370 1486 pisces
1397 1449 1457 1474 sa-

795 1507 875 1530 cros
905 1493 1016 1530 fuisse
1044 1493 1210 1539 habitos,
1239 1505 1307 1530 nee
1337 1505 1457 1530 sacer-

797 1550 944 1586 dotibus
964 1549 1097 1586 licitum
1114 1549 1227 1586 fuisse
1246 1549 1326 1586 illos
1346 1549 1457 1587 edere

797 1610 859 1643 aut
882 1606 1078 1654 attingere.
1108 1604 1165 1641 Ab
1187 1605 1379 1656 Aegyptiis
1391 1618 1456 1642 au-

796 1666 871 1699 tem
899 1661 1122 1711 Pythagorei
1149 1662 1301 1712 piscium
1331 1662 1456 1699 odium

798 1718 969 1755 didicisse
989 1719 1163 1755 feruntur.
1194 1718 1253 1755 Cf.
1272 1717 1455 1755 Plutarch.

797 1775 986 1824 Symposs.
1007 1774 1157 1818 Quaest.
1174 1773 1197 1810 l.
1211 1772 1234 1810 l.
1267 1780 1272 1783 ¹

855 1828 948 1870 οὔτε
969 1826 1178 1881 τρώγουσι,
1212 1826 1305 1869 οὔτε
1329 1826 1453 1879 ἕψον-

796 1901 859 1932 τες
886 1884 1120 1937 πατέονται]
1164 1885 1225 1924 Ne
1257 1890 1456 1936 reponatur

799 1955 1002 1995 φρυγουσι
1034 1956 1102 1993 pro
1130 1938 1347 1994 τρώγουσι,
1375 1955 1456 1979 ino-

796 2006 860 2038 net
879 2000 966 2037 Wes
952 1999 1158 2047 ssehngius,
1186 2012 1265 2036 cum
1288 1993 1456 2051 τρώγειν

798 2058 846 2094 sit
874 2056 1040 2094 crudas
1069 2055 1164 2092 edere
1184 2056 1301 2100 fabas,
1328 2068 1457 2104 quem-

798 2113 995 2151 admodum
1015 2108 1166 2162 τρωκτὰ
1186 2115 1222 2149 et
1242 2107 1414 2162 τρώξιμα
1432 2111 1455 2147 i.

798 2183 834 2220 q.
855 2165 940 2220 ώμοὲ
956 2164 1177 2219 ἐσθιόμενα
1195 2167 1224 2214 Ι,
1244 2171 1309 2209 71.
1329 2167 1374 2214 ΙΙ,
1387 2170 1454 2208 92.

798 2226 871 2274 lv,
894 2228 986 2267 177.
1026 2225 1099 2262 Pro
1131 2222 1343 2264 πατέονται
1375 2223 1455 2273 qui-

798 2284 885 2320 dam
904 2282 985 2319 libri
1004 2280 1223 2321 δατέονται.
1270 2281 1349 2318 Sed
1366 2280 1456 2317 reti·

797 2340 860 2377 nui
885 2339 1000 2376 rarius
1030 2339 1203 2384 verbum,
1242 2337 1456 2388 praesertim

798 2409 878 2434 cum
897 2408 982 2432 mox
1003 2395 1208 2433 inveniatur
1233 2390 1455 2433 πάσασθαι.

798 2453 906 2490 Conf.
924 2451 1135 2489 Buttmann.
1156 2451 1220 2487 Gr.
1244 2450 1309 2487 Gr.
1327 2449 1409 2487 mai.
1424 2449 1456 2485 ll

796 2522 833 2560 p.
863 2510 969 2556 206,
1005 2508 1188 2546 Herodot.
1215 2506 1263 2554 11,
1291 2507 1357 2547 47.
1389 2509 1455 2547 66.

796 2565 862 2612 IV,
892 2567 985 2606 180.
1013 2587 1071 2593 -
1099 2561 1264 2614 ὄσπριον
1293 2564 1327 2600 h.
1348 2562 1369 2599 l.
1402 2566 1458 2600 est

799 2622 956 2671 legumen
969 2620 1279 2669 (Hillsenfrucht).
1308 2618 1369 2656 Ad
1388 2618 1457 2655 loci

797 2678 903 2716 huius
925 2681 1176 2727 argumentum
1192 2675 1342 2713 laudant
1356 2676 1457 2712 Sext.

798 2734 968 2784 EmpiriC.
984 2734 1144 2784 Hypoth.
1159 2732 1221 2778 Ill,
1238 2732 1292 2774 24
1314 2745 1350 2781 p.
1365 2731 1455 2772 184.

798 2790 853 2829 Ac
873 2790 959 2828 satis
977 2795 1103 2828 notum
1119 2792 1186 2835 cst,
1208 2789 1254 2825 ab
1264 2787 1456 2838 Aegyptiis

799 2847 908 2897 vulgo
926 2847 1109 2897 perhiberi
1126 2845 1374 2894 Pythagoram
1399 2856 1455 2879 as-

801 2904 976 2942 sumsisse
1002 2904 1126 2940 odium
1153 2901 1250 2938 istud
1272 2901 1308 2937 in
1340 2899 1455 2943 sabam,
