1759 3324
614 272 915 315 cL10.1.

1303 273 1387 313 431

98 387 239 433 Ξᾶλλά
266 385 386 444 χερσί
412 399 458 428 τε
495 383 571 428 καὶ
608 384 894 440 κηλωνηΐοισι
929 381 1189 439 ἀρδόμενος.
1247 378 1388 437 ἡγὰρ

127 466 385 523 Βαβυλωνίη
413 460 531 519 χώρη
559 466 700 515 πᾶσα,
753 460 946 519 κατάπερ
975 461 1003 519 ἦ
1033 461 1274 518 Αἰγυπτίη,
1312 477 1388 504 κα-

124 545 374 600 τατέτμηται
402 542 445 593 ἐς
476 540 714 599 διώρυχας·
744 543 818 586 καὶ
846 540 874 599 ἡ
902 543 1078 598 μεγίστη
1111 545 1201 584 τῶν
1232 538 1444 593 διωρύ-10

122 640 210 681 χων
239 622 328 666 ἐστὶ
355 622 694 679 νηυσιπέρητος,
725 621 837 675 πρὸς
864 621 990 678 ἥλιον
1018 619 1287 677 τετραμμένη
1307 620 1386 663 τὸν

120 700 384 760 χειμερινόν·
416 702 548 757 ἐσέχει
575 700 621 745 δὲ
651 702 693 753 ἐς
723 700 857 745 ἄλλον
887 699 1087 757 ποταμὸν
1117 700 1163 744 ἐκ
1192 702 1271 742 τοῦ
1290 697 1388 742 Εὐ-

124 780 320 839 φρήτεω,
361 780 404 832 ἐς
433 779 512 825 τὸν
546 783 726 838 Τίγριν,
778 778 882 838 παρ’
914 782 970 826 ὂν
998 782 1142 832 Νῖνος
1171 777 1297 831 πόλις
1327 780 1388 823 οἷ’-

123 953 220 997 ἆλλοῖ
238 956 347 1008 χερσί
373 971 413 995 τε
435 954 503 996 καὶ
523 957 718 1008 κηλωνηΐ-

66 1014 172 1066 οισι]
204 1010 432 1065 κηλωνήϊον
455 1019 641 1064 exponunt
656 1028 719 1066 γε-

67 1069 209 1124 ράνιον
229 1071 252 1109 i.
273 1085 303 1109 e.
324 1071 523 1108 tollenonem
543 1071 566 1108 i.
590 1084 621 1108 e.
640 1084 718 1108 ma-

64 1129 205 1167 chinam
234 1128 447 1165 rusticorum
485 1131 522 1165 et
550 1127 718 1164 olitorum

64 1186 112 1222 ad
120 1185 401 1223 exhauriendam
416 1197 435 1221 e
446 1184 564 1234 puteis
574 1197 717 1233 aquam.

63 1241 144 1279 Nos
193 1240 565 1289 Brutinensclaewengel.
633 1240 716 1277 Vid.

63 1297 203 1335 Pollux.
222 1297 258 1334 in
279 1297 469 1334 onomast.
496 1297 585 1344 Vll,
622 1296 714 1338 143.

63 1354 155 1392 Inde
185 1354 292 1392 etiam
322 1353 449 1391 bellica
476 1354 640 1390 machina
668 1353 715 1390 ob

62 1411 200 1459 figurae
211 1409 478 1447 similitudinem
505 1410 555 1447 sic
574 1410 714 1446 dicitur.

62 1466 172 1504 Plura
190 1466 304 1504 Orelli
326 1466 373 1503 ad
393 1466 554 1504 Aeneam
575 1465 610 1502 T
613 1466 714 1503 actic.

60 1535 147 1574 pag.
165 1524 259 1564 289.
317 1522 376 1561 De
394 1523 590 1573 Euphratis
608 1522 716 1559 inun-

63 1579 268 1617 dationibus
299 1583 336 1618 et
362 1579 546 1617 canalibus
574 1592 619 1617 ex
644 1579 715 1617 hoc

62 1636 211 1673 flumine
221 1637 269 1674 ad
278 1648 388 1684 agros
405 1636 609 1685 irrigandos
622 1648 714 1685 qua-

62 1705 261 1742 quaversus
284 1693 446 1730 deductis
459 1697 714 1742 comparentur

62 1748 222 1799 primarii
236 1749 290 1784 Sti
299 1748 427 1786 abonis
440 1748 507 1786 loci
519 1748 571 1785 Xl
581 1762 616 1798 p.
630 1749 714 1790 502

63 1818 92 1842 s.
123 1807 227 1852 767,
259 1804 304 1842 A.
343 1805 427 1841 XVI
458 1818 543 1855 pag.
575 1804 655 1846 740
684 1818 712 1841 s,

64 1861 195 1908 1075,
217 1860 260 1898 A.
291 1861 399 1898 Plinii
423 1861 518 1898 Hist.
549 1860 636 1898 Nat.
668 1860 714 1909 V,

62 1919 128 1959 20.
160 1917 271 1955 Unde
284 1919 456 1967 frequens
478 1918 581 1955 huius
594 1917 714 1967 regio-

60 1973 116 2010 nis
142 1987 221 2011 cum
245 1974 429 2024 Aegyptia
451 1978 548 2012 terra
566 1986 714 2024 compa-

61 2030 164 2067 ratio.
205 2029 314 2067 Plura
331 2030 424 2068 hanc
445 2030 481 2067 in
498 2044 575 2068 rem
602 2030 712 2068 colle-

61 2086 115 2135 git
132 2085 332 2124 Palmblad.
354 2087 390 2124 in
411 2087 568 2125 Dissert.
588 2088 635 2125 de
652 2100 712 2125 re-

60 2143 127 2179 bus
145 2142 346 2192 Babylonn.
370 2147 407 2180 et
434 2145 553 2193 origg.
582 2143 712 2181 Chald.

0 2234 3 2254 r
61 2198 210 2250 (UpsaL
233 2200 360 2248 1820)
378 2213 462 2250 pag.
478 2202 503 2243 5
521 2213 598 2250 seq.

116 2253 183 2294 καὶ
211 2253 241 2305 ἦ
259 2256 419 2308 μεγίστη
451 2259 531 2296 τῶν
562 2252 712 2308 διωρύ-

60 2325 139 2361 χων
161 2309 240 2352 ἐστὶ
259 2311 569 2366 νηυσιπέρητος]
590 2314 712 2363 Vulgo

2 2405 5 2426 ἒ
61 2367 237 2406 disiuncte
270 2370 403 2407 edunt:
444 2369 562 2421 νηυσὶ
594 2369 713 2421 πέρη-

3 2439 5 2446 '
61 2438 138 2470 τος.
193 2423 295 2462 Libri
322 2428 455 2464 vetusti
494 2427 711 2465 coniunctim

62 2480 253 2527 exhibent3
291 2494 359 2520 nec
389 2483 496 2521 aliter
522 2481 712 2523 ναυσιπέ-

4 2538 7 2588 i
63 2549 179 2586 ρατος
206 2539 304 2587 apud
336 2539 491 2589 Dionys.
522 2540 708 2578 Halicarn.

5 2589 7 2628 ἱ
62 2590 468 2643 Antiqq.Romm.111,
487 2595 553 2638 44.
600 2597 707 2635 Brei-

63 2659 172 2694 gerus
193 2648 231 2684 in
256 2657 486 2692 commentat.
510 2653 557 2691 de
576 2654 707 2691 difficc.

6 2720 9 2766 ιἲ
64 2703 230 2750 quibusd.
257 2704 364 2745 Asiae
386 2709 566 2747 Herodot.
588 2723 626 2760 p.
652 2710 707 2751 47

63 2755 159 2795 hunc
179 2760 336 2799 canalem
356 2765 511 2804 eundem
538 2779 620 2804 esse
648 2779 710 2803 su-

64 2813 242 2862 spicatur,
277 2830 350 2866 quo
385 2833 479 2859 nunc
502 2821 710 2873 Euphrates

9 2874 11 2920 ’ἵ
64 2867 102 2904 in
136 2867 266 2918 Tigrin
297 2875 452 2922 feratur3
493 2891 576 2916 esse
613 2879 710 2916 enim

63 2923 163 2961 illum
171 2938 354 2978 magnum,
362 2932 568 2982 navigando
584 2939 710 2985 aptum

786 961 823 996 et
843 959 995 996 tendere
1016 970 1142 995 versus
1154 961 1272 994 ortum
1291 956 1375 994 solis
1387 955 1444 994 hi-

785 1015 936 1052 bernum
947 1044 959 1063 ,
979 1027 1074 1064 quae
1091 1027 1178 1052 vera
1198 1014 1365 1051 videatur
1384 1013 1441 1050 di-

785 1072 920 1119 rectio,
957 1072 1050 1120 qua,
1088 1071 1182 1108 infra
1210 1070 1441 1119 Babylonem

784 1128 934 1178 paulum
962 1127 1139 1174 inflexus,
1167 1135 1274 1164 'nunc
1307 1127 1442 1176 Tigrin

784 1189 897 1235 petat.
928 1183 993 1221 Cr.
1021 1184 1177 1221 conferri
1208 1183 1283 1220 vult
1300 1182 1440 1220 Ammi-

783 1253 842 1277 an.
872 1240 1072 1278 Marcellin.
1101 1240 1247 1286 XXIV,
1278 1242 1302 1281 6
1341 1238 1377 1290 ἓ.
1416 1242 1437 1280 1

782 1297 905 1346 ibique
951 1296 1073 1334 vales.
1112 1300 1149 1334 et
1201 1296 1441 1340 Quatremere

783 1354 883 1403 apud
907 1354 1009 1390 Bast.
1028 1352 1156 1390 Lettre
1178 1352 1293 1401 critiq.
1326 1366 1362 1403 p.
1387 1352 1440 1394 14

781 1414 858 1447 not.
888 1409 958 1446 Est
978 1409 1073 1447 enim
1092 1409 1189 1447 idem
1210 1407 1356 1455 canalis,
1373 1409 1437 1458 qui

783 1466 901 1503 amnis
934 1478 1063 1515 regum
1098 1461 1312 1516 (βασιλική
1345 1460 1440 1503 διώ-

784 1524 876 1575 ρυξ)
895 1522 1045 1570 dicitur,
1072 1522 1305 1560 orientalibus
1322 1521 1441 1558 homi-

781 1581 887 1617 nibus
909 1577 1223 1627 Naar-Malcha,
1249 1579 1350 1628 quod
1375 1592 1440 1616 eo-

781 1637 864 1674 dem
882 1637 1001 1683 redit,
1030 1648 1053 1673 a
1075 1636 1195 1674 Persis
1229 1639 1439 1687 expugnata

779 1697 878 1730 terra
901 1693 1000 1729 haud
1019 1693 1182 1730 obrutus.

837 1745 938 1799 παρ’
955 1745 998 1788 ὃν
1030 1751 1162 1796 Νῖνος
1189 1743 1306 1795 πόλις
1329 1746 1437 1799 οἴκη-

782 1808 851 1852 το]
883 1806 980 1842 Satis
1000 1810 1125 1843 notum
1155 1809 1233 1854 est,
1261 1809 1438 1854 quantum

781 1862 875 1901 inter
907 1876 946 1900 se
974 1862 1182 1914 discrepent
1221 1866 1361 1899 veteres
1399 1863 1438 1898 in

780 1918 859 1957 loco
882 1919 1099 1966 indicando,
1129 1919 1189 1956 ubi
1212 1918 1330 1956 Ninus
1350 1918 1437 1955 urbs

783 1976 852 2013 sita
887 1976 1008 2013 fuerit.
1066 1976 1296 2013 Herodotum
1325 1975 1438 2012 secuti

783 2032 857 2081 (ΙΙ,
881 2033 980 2081 150)
1001 2032 1099 2070 haud
1115 2032 1222 2082 pauci
1243 2031 1437 2082 scriptores

782 2089 831 2127 ad
851 2088 983 2137 Tigrin
1007 2089 1112 2126 sitam
1130 2102 1210 2126 esse
1240 2088 1437 2136 affirmant,

783 2159 863 2184 cum
902 2145 1086 2183 Diodorus
1124 2145 1206 2193 (ΙΙ,
1232 2146 1272 2186 3.
1300 2147 1324 2186 7
1348 2145 1436 2193 etc.)

781 2201 839 2240 vel
863 2203 1008 2252 potius,
1039 2215 1147 2252 quem
1172 2201 1230 2239 illc
1256 2202 1437 2249 exscribit,

781 2259 924 2296 Ctesias
953 2259 1001 2296 ad
1030 2259 1256 2309 Euphratem
1283 2258 1438 2296 colloca-

779 2319 854 2353 tam
880 2329 961 2353 esse
978 2316 1109 2353 tradat.
1170 2316 1274 2359 Quos
1292 2319 1332 2352 ut
1350 2328 1438 2352 con-

778 2372 941 2410 ciliarent
957 2372 1135 2422 duplicem
1157 2371 1241 2409 olim
1258 2372 1438 2410 exstitisse

779 2429 948 2466 dixerunt
974 2428 1134 2477 Ninum,
1164 2428 1314 2466 alteram
1341 2441 1436 2478 quae

780 2486 829 2522 ad
856 2485 1014 2534 Tigrin,
1062 2486 1213 2523 alteram
1255 2498 1350 2535 quae
1387 2485 1436 2522 ad

777 2540 1004 2591 Euphratem
1048 2543 1118 2579 sita
1158 2541 1276 2579 fuerit.
1339 2541 1437 2578 Vide

778 2610 874 2648 quae
901 2598 973 2635 dixi
1011 2599 1060 2636 ad
1095 2598 1244 2636 Ctesiae
1265 2599 1435 2647 fragmm.

776 2666 864 2705 pag.
886 2656 968 2697 391
989 2668 1081 2704 seq.,
1110 2655 1173 2692 ubi
1187 2655 1345 2692 virorum
1367 2655 1436 2691 do-

778 2715 917 2748 ctorum
938 2712 1137 2749 sententias
1158 2711 1332 2749 recensui.
1363 2711 1434 2748 His

777 2767 865 2804 addi
882 2768 1017 2818 poterit
1026 2768 1225 2806 Rennelius
1244 2769 1281 2805 in
1294 2768 1434 2816 Geogr.

776 2823 958 2861 Herodot.
978 2837 1064 2875 pag.
1076 2826 1158 2866 498
1176 2825 1235 2862 ed.
1249 2825 1433 2871 Bredow.‚

779 2880 841 2929 qui
858 2880 996 2918 Ninum
1016 2882 1122 2918 sitam
1147 2893 1228 2919 esse
1245 2880 1433 2918 contendit

779 2948 800 2973 e
828 2936 980 2986 regione
1008 2937 1085 2975 eius
1112 2936 1182 2975 loci
1198 2964 1210 2985 ,
1248 2936 1311 2987 qui
1336 2948 1433 2973 nunc
