<?xml version="1.0" encoding="UTF-8"?>
<!DOCTYPE html PUBLIC "-//W3C//DTD XHTML 1.0 Transitional//EN"
    "http://www.w3.org/TR/xhtml1/DTD/xhtml1-transitional.dtd">
<html xmlns="http://www.w3.org/1999/xhtml" xml:lang="en" lang="en">
 <head>
  <title>
</title>
<meta http-equiv="Content-Type" content="text/html;charset=utf-8" />
  <meta name='ocr-system' content='tesseract 3.04.00' />
  <meta name='ocr-capabilities' content='ocr_page ocr_carea ocr_par ocr_line ocrx_word'/>
</head>
<body>
  <div class='ocr_page' id='page_1' title='image "./musaeher01hero/musaeher01hero_0934.png"; bbox 0 0 1777 3324; ppageno 0'>
   <div class='ocr_carea' id='block_1_1' title="bbox 162 253 1391 300">
    <p class='ocr_par' dir='ltr' id='par_1_1' title="bbox 162 253 1391 300">
     <span class='ocr_line' id='line_1_1' title="bbox 162 253 1391 300; baseline -0.001 -7"><span class='ocrx_word' id='word_1_1' title='bbox 162 256 247 293; x_wconf 80' lang='lat'>908</span> <span class='ocrx_word' id='word_1_2' title='bbox 478 253 754 294; x_wconf 88' lang='lat' dir='ltr'>EXCURSUS</span> <span class='ocrx_word' id='word_1_3' title='bbox 784 256 818 293; x_wconf 91' lang='lat' dir='ltr'>V</span> <span class='ocrx_word' id='word_1_4' title='bbox 846 254 916 293; x_wconf 93' lang='lat' dir='ltr'>AD</span> <span class='ocrx_word' id='word_1_5' title='bbox 937 254 1209 295; x_wconf 88' lang='lat' dir='ltr'>HERODOT.</span> <span class='ocrx_word' id='word_1_6' title='bbox 1241 255 1295 300; x_wconf 88' lang='grc' dir='ltr'>ΙΙ,</span> <span class='ocrx_word' id='word_1_7' title='bbox 1330 259 1391 297; x_wconf 87' lang='lat'>17.</span> 
     </span>
    </p>
   </div>
   <div class='ocr_carea' id='block_1_2' title="bbox 152 367 1686 2789">
    <p class='ocr_par' dir='ltr' id='par_1_2' title="bbox 157 367 1686 553">
     <span class='ocr_line' id='line_1_2' title="bbox 163 367 1686 418; baseline 0.001 -13"><span class='ocrx_word' id='word_1_8' title='bbox 163 367 345 405; x_wconf 86' lang='lat' dir='ltr'>cusandus</span> <span class='ocrx_word' id='word_1_9' title='bbox 366 380 446 405; x_wconf 87' lang='lat' dir='ltr'>esse</span> <span class='ocrx_word' id='word_1_10' title='bbox 467 367 641 405; x_wconf 85' lang='lat' dir='ltr'>videatur.</span> <span class='ocrx_word' id='word_1_11' title='bbox 701 368 847 418; x_wconf 86' lang='lat' dir='ltr'>Quippe</span> <span class='ocrx_word' id='word_1_12' title='bbox 866 369 1030 405; x_wconf 79' lang='lat' dir='ltr'>canalem</span> <span class='ocrx_word' id='word_1_13' title='bbox 1048 369 1233 417; x_wconf 87' lang='lat' dir='ltr'>quendam</span> <span class='ocrx_word' id='word_1_14' title='bbox 1253 368 1415 418; x_wconf 82' lang='lat' dir='ltr'>Aegypti</span> <span class='ocrx_word' id='word_1_15' title='bbox 1443 368 1619 405; x_wconf 86' lang='lat' dir='ltr'>inferioris</span> <span class='ocrx_word' id='word_1_16' title='bbox 1649 374 1686 406; x_wconf 88' lang='lat' dir='ltr'>et</span> 
     </span>
     <span class='ocr_line' id='line_1_3' title="bbox 162 434 1684 485; baseline 0.001 -13"><span class='ocrx_word' id='word_1_17' title='bbox 162 434 239 472; x_wconf 88' lang='lat' dir='ltr'>eius</span> <span class='ocrx_word' id='word_1_18' title='bbox 262 435 408 484; x_wconf 90' lang='lat' dir='ltr'>quidem</span> <span class='ocrx_word' id='word_1_19' title='bbox 428 435 563 485; x_wconf 80' lang='lat' dir='ltr'>partiS,</span> <span class='ocrx_word' id='word_1_20' title='bbox 593 436 654 472; x_wconf 93' lang='lat' dir='ltr'>ubi</span> <span class='ocrx_word' id='word_1_21' title='bbox 680 435 851 473; x_wconf 92' lang='lat' dir='ltr'>Bucolica</span> <span class='ocrx_word' id='word_1_22' title='bbox 872 435 943 472; x_wconf 90' lang='lat' dir='ltr'>sint</span> <span class='ocrx_word' id='word_1_23' title='bbox 971 435 1089 483; x_wconf 88' lang='lat' dir='ltr'>(unde</span> <span class='ocrx_word' id='word_1_24' title='bbox 1115 435 1274 474; x_wconf 89' lang='lat' dir='ltr'>Bucolici</span> <span class='ocrx_word' id='word_1_25' title='bbox 1304 435 1403 473; x_wconf 82' lang='lat' dir='ltr'>fluvii</span> <span class='ocrx_word' id='word_1_26' title='bbox 1429 437 1606 484; x_wconf 83' lang='lat' dir='ltr'>nomen),</span> <span class='ocrx_word' id='word_1_27' title='bbox 1637 437 1684 473; x_wconf 89' lang='lat' dir='ltr'>ab</span> 
     </span>
     <span class='ocr_line' id='line_1_4' title="bbox 157 500 1392 553; baseline 0.002 -15"><span class='ocrx_word' id='word_1_28' title='bbox 157 500 351 539; x_wconf 87' lang='lat' dir='ltr'>Herodoto</span> <span class='ocrx_word' id='word_1_29' title='bbox 371 503 559 540; x_wconf 82' lang='lat' dir='ltr'>contendit</span> <span class='ocrx_word' id='word_1_30' title='bbox 582 516 648 553; x_wconf 90' lang='lat' dir='ltr'>pro</span> <span class='ocrx_word' id='word_1_31' title='bbox 670 515 742 539; x_wconf 91' lang='lat' dir='ltr'>uno</span> <span class='ocrx_word' id='word_1_32' title='bbox 762 503 808 539; x_wconf 91' lang='lat' dir='ltr'>de</span> <span class='ocrx_word' id='word_1_33' title='bbox 831 507 972 552; x_wconf 83' lang='lat' dir='ltr'>septem</span> <span class='ocrx_word' id='word_1_34' title='bbox 994 503 1096 539; x_wconf 88' lang='lat' dir='ltr'>ostiis</span> <span class='ocrx_word' id='word_1_35' title='bbox 1113 516 1194 541; x_wconf 92' lang='lat' dir='ltr'>esse</span> <span class='ocrx_word' id='word_1_36' title='bbox 1215 503 1392 540; x_wconf 79' lang='lat' dir='ltr'>habitum.</span> 
     </span>
    </p>

    <p class='ocr_par' dir='ltr' id='par_1_3' title="bbox 155 569 1685 2113">
     <span class='ocr_line' id='line_1_5' title="bbox 269 569 1685 618; baseline 0.001 -12"><span class='ocrx_word' id='word_1_37' title='bbox 269 570 302 606; x_wconf 96' lang='lat' dir='ltr'>E</span> <span class='ocrx_word' id='word_1_38' title='bbox 323 570 569 618; x_wconf 78' lang='lat' dir='ltr'>Sebennytico</span> <span class='ocrx_word' id='word_1_39' title='bbox 592 571 683 606; x_wconf 87' lang='lat' dir='ltr'>ostio</span> <span class='ocrx_word' id='word_1_40' title='bbox 705 571 778 607; x_wconf 93' lang='lat' dir='ltr'>duo</span> <span class='ocrx_word' id='word_1_41' title='bbox 798 569 869 606; x_wconf 85' lang='lat' dir='ltr'>alia</span> <span class='ocrx_word' id='word_1_42' title='bbox 887 571 1066 608; x_wconf 89' lang='lat' dir='ltr'>orientem</span> <span class='ocrx_word' id='word_1_43' title='bbox 1085 583 1211 608; x_wconf 89' lang='lat' dir='ltr'>versus</span> <span class='ocrx_word' id='word_1_44' title='bbox 1235 571 1392 609; x_wconf 91' lang='lat' dir='ltr'>deducta</span> <span class='ocrx_word' id='word_1_45' title='bbox 1419 571 1542 609; x_wconf 89' lang='lat' dir='ltr'>scribit</span> <span class='ocrx_word' id='word_1_46' title='bbox 1562 571 1685 608; x_wconf 88' lang='lat' dir='ltr'>Hero-</span> 
     </span>
     <span class='ocr_line' id='line_1_6' title="bbox 158 636 1684 686; baseline 0.001 -12"><span class='ocrx_word' id='word_1_47' title='bbox 158 638 287 686; x_wconf 90' lang='lat' dir='ltr'>dotus,</span> <span class='ocrx_word' id='word_1_48' title='bbox 318 639 495 677; x_wconf 84' lang='lat' dir='ltr'>Sa&#39;iticum</span> <span class='ocrx_word' id='word_1_49' title='bbox 525 642 562 675; x_wconf 91' lang='lat' dir='ltr'>et</span> <span class='ocrx_word' id='word_1_50' title='bbox 586 637 829 675; x_wconf 84' lang='lat' dir='ltr'>Mendesium.</span> <span class='ocrx_word' id='word_1_51' title='bbox 890 636 1072 675; x_wconf 65' lang='lat' dir='ltr'>Saiticam</span> <span class='ocrx_word' id='word_1_52' title='bbox 1094 639 1229 676; x_wconf 90' lang='lat' dir='ltr'>ostium</span> <span class='ocrx_word' id='word_1_53' title='bbox 1257 639 1355 675; x_wconf 90' lang='lat' dir='ltr'>haud</span> <span class='ocrx_word' id='word_1_54' title='bbox 1386 639 1571 677; x_wconf 87' lang='lat' dir='ltr'>diversum</span> <span class='ocrx_word' id='word_1_55' title='bbox 1603 652 1684 676; x_wconf 89' lang='lat' dir='ltr'>esse</span> 
     </span>
     <span class='ocr_line' id='line_1_7' title="bbox 162 703 1684 757; baseline 0 -14"><span class='ocrx_word' id='word_1_56' title='bbox 162 719 185 743; x_wconf 89' lang='lat' dir='ltr'>a</span> <span class='ocrx_word' id='word_1_57' title='bbox 203 705 395 752; x_wconf 91' lang='lat' dir='ltr'>Tanitico,</span> <span class='ocrx_word' id='word_1_58' title='bbox 426 710 576 742; x_wconf 85' lang='lat' dir='ltr'>auctore</span> <span class='ocrx_word' id='word_1_59' title='bbox 602 704 784 741; x_wconf 86' lang='lat' dir='ltr'>Strabone</span> <span class='ocrx_word' id='word_1_60' title='bbox 808 703 912 741; x_wconf 88' lang='lat' dir='ltr'><strong>XVII</strong></span> <span class='ocrx_word' id='word_1_61' title='bbox 932 717 1018 754; x_wconf 88' lang='lat' dir='ltr'>pag.</span> <span class='ocrx_word' id='word_1_62' title='bbox 1041 708 1123 746; x_wconf 81' lang='lat'>802</span> <span class='ocrx_word' id='word_1_63' title='bbox 1150 720 1178 743; x_wconf 89' lang='lat' dir='ltr'>s.</span> <span class='ocrx_word' id='word_1_64' title='bbox 1200 720 1236 756; x_wconf 89' lang='lat' dir='ltr'>p.</span> <span class='ocrx_word' id='word_1_65' title='bbox 1260 706 1370 747; x_wconf 83' lang='lat'>1154</span> <span class='ocrx_word' id='word_1_66' title='bbox 1398 707 1508 756; x_wconf 84' lang='lat' dir='ltr'>vulgo</span> <span class='ocrx_word' id='word_1_67' title='bbox 1539 711 1684 757; x_wconf 90' lang='lat' dir='ltr'>ponunt</span> 
     </span>
     <span class='ocr_line' id='line_1_8' title="bbox 161 769 1682 823; baseline -0.001 -12"><span class='ocrx_word' id='word_1_68' title='bbox 161 774 323 823; x_wconf 86' lang='lat' dir='ltr'>indeque</span> <span class='ocrx_word' id='word_1_69' title='bbox 349 773 531 810; x_wconf 79' lang='lat' dir='ltr'>Herodoti</span> <span class='ocrx_word' id='word_1_70' title='bbox 559 773 596 809; x_wconf 91' lang='lat' dir='ltr'>in</span> <span class='ocrx_word' id='word_1_71' title='bbox 620 772 700 809; x_wconf 91' lang='lat' dir='ltr'>loco</span> <span class='ocrx_word' id='word_1_72' title='bbox 726 771 1001 809; x_wconf 88' lang='lat' dir='ltr'>rescribendum</span> <span class='ocrx_word' id='word_1_73' title='bbox 1029 786 1110 811; x_wconf 86' lang='lat' dir='ltr'>esse</span> <span class='ocrx_word' id='word_1_74' title='bbox 1129 777 1280 810; x_wconf 84' lang='lat' dir='ltr'>censent</span> <span class='ocrx_word' id='word_1_75' title='bbox 1306 769 1529 812; x_wconf 85' lang='grc' dir='ltr'><em>Τανιτικόν.</em></span> <span class='ocrx_word' id='word_1_76' title='bbox 1590 774 1682 821; x_wconf 90' lang='lat' dir='ltr'>Sed,</span> 
     </span>
     <span class='ocr_line' id='line_1_9' title="bbox 163 840 1684 891; baseline 0 -14"><span class='ocrx_word' id='word_1_77' title='bbox 163 854 258 891; x_wconf 91' lang='lat' dir='ltr'>quae</span> <span class='ocrx_word' id='word_1_78' title='bbox 278 842 414 877; x_wconf 90' lang='lat' dir='ltr'>dudum</span> <span class='ocrx_word' id='word_1_79' title='bbox 434 840 670 889; x_wconf 70' lang='lat' dir='ltr'>wesselingii</span> <span class='ocrx_word' id='word_1_80' title='bbox 705 843 783 877; x_wconf 88' lang='lat' dir='ltr'>erat</span> <span class='ocrx_word' id='word_1_81' title='bbox 814 840 1016 886; x_wconf 88' lang='lat' dir='ltr'>sententia,</span> <span class='ocrx_word' id='word_1_82' title='bbox 1055 840 1155 877; x_wconf 90' lang='lat' dir='ltr'>libris</span> <span class='ocrx_word' id='word_1_83' title='bbox 1187 841 1328 890; x_wconf 88' lang='lat' dir='ltr'>scriptis</span> <span class='ocrx_word' id='word_1_84' title='bbox 1358 841 1523 877; x_wconf 88' lang='lat' dir='ltr'>omnibus</span> <span class='ocrx_word' id='word_1_85' title='bbox 1553 841 1684 878; x_wconf 88' lang='lat' dir='ltr'>adver-</span> 
     </span>
     <span class='ocr_line' id='line_1_10' title="bbox 162 905 1682 955; baseline 0 -10"><span class='ocrx_word' id='word_1_86' title='bbox 162 909 349 955; x_wconf 90' lang='lat' dir='ltr'>santibus,</span> <span class='ocrx_word' id='word_1_87' title='bbox 378 909 415 944; x_wconf 95' lang='lat' dir='ltr'>in</span> <span class='ocrx_word' id='word_1_88' title='bbox 436 907 653 944; x_wconf 88' lang='lat' dir='ltr'>Herodoteo</span> <span class='ocrx_word' id='word_1_89' title='bbox 683 910 786 944; x_wconf 85' lang='lat' dir='ltr'>textu</span> <span class='ocrx_word' id='word_1_90' title='bbox 815 905 903 942; x_wconf 88' lang='lat' dir='ltr'>nihil</span> <span class='ocrx_word' id='word_1_91' title='bbox 931 908 1157 945; x_wconf 91' lang='lat' dir='ltr'>mutandum.</span> <span class='ocrx_word' id='word_1_92' title='bbox 1217 909 1374 946; x_wconf 84' lang='lat' dir='ltr'>Gravius</span> <span class='ocrx_word' id='word_1_93' title='bbox 1402 907 1502 944; x_wconf 92' lang='lat' dir='ltr'>haud</span> <span class='ocrx_word' id='word_1_94' title='bbox 1532 910 1605 945; x_wconf 92' lang='lat' dir='ltr'>scio</span> <span class='ocrx_word' id='word_1_95' title='bbox 1633 921 1682 945; x_wconf 91' lang='lat' dir='ltr'>an</span> 
     </span>
     <span class='ocr_line' id='line_1_11' title="bbox 160 973 1680 1025; baseline 0 -13"><span class='ocrx_word' id='word_1_96' title='bbox 160 975 247 1012; x_wconf 89' lang='lat' dir='ltr'>illud</span> <span class='ocrx_word' id='word_1_97' title='bbox 267 975 337 1021; x_wconf 85' lang='lat' dir='ltr'>sit,</span> <span class='ocrx_word' id='word_1_98' title='bbox 367 975 467 1024; x_wconf 92' lang='lat' dir='ltr'>quod</span> <span class='ocrx_word' id='word_1_99' title='bbox 498 974 568 1011; x_wconf 88' lang='lat' dir='ltr'>alia</span> <span class='ocrx_word' id='word_1_100' title='bbox 596 987 747 1025; x_wconf 91' lang='lat' dir='ltr'>prorsus</span> <span class='ocrx_word' id='word_1_101' title='bbox 777 973 815 1010; x_wconf 92' lang='lat' dir='ltr'>in</span> <span class='ocrx_word' id='word_1_102' title='bbox 839 973 971 1011; x_wconf 87' lang='lat' dir='ltr'>Deltae</span> <span class='ocrx_word' id='word_1_103' title='bbox 998 979 1103 1024; x_wconf 89' lang='lat' dir='ltr'>parte</span> <span class='ocrx_word' id='word_1_104' title='bbox 1133 976 1214 1013; x_wconf 80' lang='lat' dir='ltr'>Sa&#39;is</span> <span class='ocrx_word' id='word_1_105' title='bbox 1241 976 1328 1013; x_wconf 91' lang='lat' dir='ltr'>urbs</span> <span class='ocrx_word' id='word_1_106' title='bbox 1359 974 1429 1012; x_wconf 89' lang='lat' dir='ltr'>sita</span> <span class='ocrx_word' id='word_1_107' title='bbox 1457 975 1549 1022; x_wconf 87' lang='lat' dir='ltr'>fuit,</span> <span class='ocrx_word' id='word_1_108' title='bbox 1579 979 1680 1012; x_wconf 87' lang='lat' dir='ltr'>trans</span> 
     </span>
     <span class='ocr_line' id='line_1_12' title="bbox 161 1041 1681 1092; baseline 0.002 -13"><span class='ocrx_word' id='word_1_109' title='bbox 161 1043 445 1091; x_wconf 72' lang='lat' dir='ltr'>Sebennyticum</span> <span class='ocrx_word' id='word_1_110' title='bbox 465 1041 597 1078; x_wconf 88' lang='lat' dir='ltr'>ostium</span> <span class='ocrx_word' id='word_1_111' title='bbox 618 1042 843 1079; x_wconf 89' lang='lat' dir='ltr'>occidentem</span> <span class='ocrx_word' id='word_1_112' title='bbox 864 1055 1001 1079; x_wconf 90' lang='lat' dir='ltr'>versus.</span> <span class='ocrx_word' id='word_1_113' title='bbox 1060 1043 1304 1092; x_wconf 58' lang='lat' dir='ltr'>iVesselingio</span> <span class='ocrx_word' id='word_1_114' title='bbox 1325 1043 1360 1080; x_wconf 92' lang='lat' dir='ltr'>in</span> <span class='ocrx_word' id='word_1_115' title='bbox 1390 1048 1549 1081; x_wconf 88' lang='lat' dir='ltr'>mentem</span> <span class='ocrx_word' id='word_1_116' title='bbox 1569 1056 1681 1082; x_wconf 88' lang='lat' dir='ltr'>vene-</span> 
     </span>
     <span class='ocr_line' id='line_1_13' title="bbox 162 1110 1680 1161; baseline 0.002 -14"><span class='ocrx_word' id='word_1_117' title='bbox 162 1116 237 1157; x_wconf 83' lang='lat' dir='ltr'>rat,</span> <span class='ocrx_word' id='word_1_118' title='bbox 268 1111 434 1161; x_wconf 90' lang='lat' dir='ltr'>potuisse</span> <span class='ocrx_word' id='word_1_119' title='bbox 454 1123 588 1147; x_wconf 88' lang='lat' dir='ltr'>nomen</span> <span class='ocrx_word' id='word_1_120' title='bbox 609 1111 726 1161; x_wconf 88' lang='lat' dir='ltr'>repeti</span> <span class='ocrx_word' id='word_1_121' title='bbox 752 1110 797 1146; x_wconf 89' lang='lat' dir='ltr'>ab</span> <span class='ocrx_word' id='word_1_122' title='bbox 824 1110 970 1147; x_wconf 58' lang='lat' dir='ltr'>Saitica</span> <span class='ocrx_word' id='word_1_123' title='bbox 997 1112 1248 1161; x_wconf 81' lang='lat' dir='ltr'>praefectura,</span> <span class='ocrx_word' id='word_1_124' title='bbox 1278 1123 1387 1159; x_wconf 86' lang='lat' dir='ltr'>quam</span> <span class='ocrx_word' id='word_1_125' title='bbox 1416 1111 1462 1148; x_wconf 89' lang='lat' dir='ltr'>ab</span> <span class='ocrx_word' id='word_1_126' title='bbox 1493 1112 1680 1151; x_wconf 89' lang='lat' dir='ltr'>occidente</span> 
     </span>
     <span class='ocr_line' id='line_1_14' title="bbox 159 1177 1680 1227; baseline 0.001 -12"><span class='ocrx_word' id='word_1_127' title='bbox 159 1178 314 1215; x_wconf 86' lang='lat' dir='ltr'>radebat</span> <span class='ocrx_word' id='word_1_128' title='bbox 338 1178 489 1223; x_wconf 76' lang='lat' dir='ltr'>fluvius3</span> <span class='ocrx_word' id='word_1_129' title='bbox 527 1177 648 1215; x_wconf 89' lang='lat' dir='ltr'>malim</span> <span class='ocrx_word' id='word_1_130' title='bbox 680 1179 850 1227; x_wconf 88' lang='lat' dir='ltr'>equidem</span> <span class='ocrx_word' id='word_1_131' title='bbox 879 1183 1063 1227; x_wconf 84' lang='lat' dir='ltr'>statuere,</span> <span class='ocrx_word' id='word_1_132' title='bbox 1099 1178 1217 1216; x_wconf 81' lang='lat' dir='ltr'>Tanin</span> <span class='ocrx_word' id='word_1_133' title='bbox 1244 1179 1391 1226; x_wconf 88' lang='lat' dir='ltr'>urbem,</span> <span class='ocrx_word' id='word_1_134' title='bbox 1429 1180 1527 1218; x_wconf 89' lang='lat' dir='ltr'>unde</span> <span class='ocrx_word' id='word_1_135' title='bbox 1551 1180 1680 1217; x_wconf 84' lang='lat' dir='ltr'>fluvius</span> 
     </span>
     <span class='ocr_line' id='line_1_15' title="bbox 164 1244 1680 1298; baseline 0.003 -17"><span class='ocrx_word' id='word_1_136' title='bbox 164 1244 375 1292; x_wconf 78' lang='lat' dir='ltr'>Taniticus,</span> <span class='ocrx_word' id='word_1_137' title='bbox 422 1245 505 1282; x_wconf 91' lang='lat' dir='ltr'>olim</span> <span class='ocrx_word' id='word_1_138' title='bbox 535 1246 630 1284; x_wconf 78' lang='lat' dir='ltr'>Sai&#39;n</span> <span class='ocrx_word' id='word_1_139' title='bbox 660 1259 809 1296; x_wconf 87' lang='lat' dir='ltr'>quoque</span> <span class='ocrx_word' id='word_1_140' title='bbox 835 1247 1059 1284; x_wconf 83' lang='lat' dir='ltr'>nominatam</span> <span class='ocrx_word' id='word_1_141' title='bbox 1083 1248 1216 1293; x_wconf 88' lang='lat' dir='ltr'>fuisse,</span> <span class='ocrx_word' id='word_1_142' title='bbox 1255 1246 1414 1295; x_wconf 90' lang='lat' dir='ltr'>indeque</span> <span class='ocrx_word' id='word_1_143' title='bbox 1436 1249 1680 1298; x_wconf 86' lang='lat' dir='ltr'>repetendum</span> 
     </span>
     <span class='ocr_line' id='line_1_16' title="bbox 159 1314 1680 1365; baseline 0.003 -16"><span class='ocrx_word' id='word_1_144' title='bbox 159 1314 286 1350; x_wconf 84' lang='lat' dir='ltr'>Sa‘itici</span> <span class='ocrx_word' id='word_1_145' title='bbox 307 1314 390 1349; x_wconf 90' lang='lat' dir='ltr'>ostii</span> <span class='ocrx_word' id='word_1_146' title='bbox 410 1327 555 1352; x_wconf 87' lang='lat' dir='ltr'>nomen.</span> <span class='ocrx_word' id='word_1_147' title='bbox 615 1315 713 1353; x_wconf 91' lang='lat' dir='ltr'>Nam</span> <span class='ocrx_word' id='word_1_148' title='bbox 740 1314 906 1365; x_wconf 81' lang='lat' dir='ltr'>plerique</span> <span class='ocrx_word' id='word_1_149' title='bbox 926 1315 1003 1352; x_wconf 84' lang='lat' dir='ltr'>VV.</span> <span class='ocrx_word' id='word_1_150' title='bbox 1027 1314 1112 1353; x_wconf 93' lang='lat' dir='ltr'>DD.</span> <span class='ocrx_word' id='word_1_151' title='bbox 1143 1319 1267 1352; x_wconf 89' lang='lat' dir='ltr'>nostra</span> <span class='ocrx_word' id='word_1_152' title='bbox 1287 1318 1407 1353; x_wconf 91' lang='lat' dir='ltr'>aetate</span> <span class='ocrx_word' id='word_1_153' title='bbox 1437 1315 1619 1353; x_wconf 63' lang='lat' dir='ltr'>Saiticam</span> <span class='ocrx_word' id='word_1_154' title='bbox 1643 1321 1680 1354; x_wconf 91' lang='lat' dir='ltr'>et</span> 
     </span>
     <span class='ocr_line' id='line_1_17' title="bbox 161 1381 1678 1435; baseline 0.002 -16"><span class='ocrx_word' id='word_1_155' title='bbox 161 1381 366 1419; x_wconf 73' lang='lat' dir='ltr'>Tam‘tz&#39;cum</span> <span class='ocrx_word' id='word_1_156' title='bbox 385 1394 452 1431; x_wconf 89' lang='lat' dir='ltr'>pro</span> <span class='ocrx_word' id='word_1_157' title='bbox 474 1396 546 1420; x_wconf 92' lang='lat' dir='ltr'>uno</span> <span class='ocrx_word' id='word_1_158' title='bbox 569 1385 772 1433; x_wconf 88' lang='lat' dir='ltr'>eodemque</span> <span class='ocrx_word' id='word_1_159' title='bbox 793 1383 908 1420; x_wconf 86' lang='lat' dir='ltr'>canali</span> <span class='ocrx_word' id='word_1_160' title='bbox 931 1383 1134 1434; x_wconf 90' lang='lat' dir='ltr'>perhibent,</span> <span class='ocrx_word' id='word_1_161' title='bbox 1154 1383 1215 1432; x_wconf 93' lang='lat' dir='ltr'>qui</span> <span class='ocrx_word' id='word_1_162' title='bbox 1230 1396 1326 1420; x_wconf 92' lang='lat' dir='ltr'>nunc</span> <span class='ocrx_word' id='word_1_163' title='bbox 1344 1384 1542 1421; x_wconf 81' lang='lat' dir='ltr'>exsiccatus</span> <span class='ocrx_word' id='word_1_164' title='bbox 1559 1397 1678 1435; x_wconf 90' lang='lat' dir='ltr'>paene</span> 
     </span>
     <span class='ocr_line' id='line_1_18' title="bbox 155 1449 1678 1502; baseline 0.003 -16"><span class='ocrx_word' id='word_1_165' title='bbox 155 1463 232 1486; x_wconf 91' lang='lat' dir='ltr'>non</span> <span class='ocrx_word' id='word_1_166' title='bbox 252 1450 320 1487; x_wconf 89' lang='lat' dir='ltr'>nisi</span> <span class='ocrx_word' id='word_1_167' title='bbox 341 1449 427 1486; x_wconf 91' lang='lat' dir='ltr'>Nilo</span> <span class='ocrx_word' id='word_1_168' title='bbox 457 1457 642 1489; x_wconf 86' lang='lat' dir='ltr'>crescente</span> <span class='ocrx_word' id='word_1_169' title='bbox 672 1452 776 1501; x_wconf 88' lang='lat' dir='ltr'>aquis</span> <span class='ocrx_word' id='word_1_170' title='bbox 797 1451 930 1502; x_wconf 90' lang='lat' dir='ltr'>repleri</span> <span class='ocrx_word' id='word_1_171' title='bbox 959 1451 1098 1497; x_wconf 87' lang='lat' dir='ltr'>soleat,</span> <span class='ocrx_word' id='word_1_172' title='bbox 1129 1451 1263 1500; x_wconf 91' lang='lat' dir='ltr'>quique</span> <span class='ocrx_word' id='word_1_173' title='bbox 1288 1451 1323 1487; x_wconf 93' lang='lat' dir='ltr'>in</span> <span class='ocrx_word' id='word_1_174' title='bbox 1346 1451 1461 1489; x_wconf 91' lang='lat' dir='ltr'>lacum</span> <span class='ocrx_word' id='word_1_175' title='bbox 1482 1451 1678 1490; x_wconf 87' lang='lat' dir='ltr'>Menzaleh</span> 
     </span>
     <span class='ocr_line' id='line_1_19' title="bbox 155 1518 1679 1569; baseline 0.003 -15"><span class='ocrx_word' id='word_1_176' title='bbox 155 1518 301 1555; x_wconf 90' lang='lat' dir='ltr'>finiatur</span> <span class='ocrx_word' id='word_1_177' title='bbox 323 1531 439 1569; x_wconf 85' lang='lat' dir='ltr'>prope</span> <span class='ocrx_word' id='word_1_178' title='bbox 460 1520 730 1568; x_wconf 84' lang='lat' dir='ltr'>Ommfaredje3</span> <span class='ocrx_word' id='word_1_179' title='bbox 761 1532 857 1557; x_wconf 90' lang='lat' dir='ltr'>nunc</span> <span class='ocrx_word' id='word_1_180' title='bbox 877 1522 909 1557; x_wconf 93' lang='lat' dir='ltr'>ei</span> <span class='ocrx_word' id='word_1_181' title='bbox 931 1532 1065 1557; x_wconf 91' lang='lat' dir='ltr'>nomen</span> <span class='ocrx_word' id='word_1_182' title='bbox 1089 1531 1171 1556; x_wconf 90' lang='lat' dir='ltr'>esse</span> <span class='ocrx_word' id='word_1_183' title='bbox 1191 1519 1331 1555; x_wconf 91' lang='lat' dir='ltr'>addunt</span> <span class='ocrx_word' id='word_1_184' title='bbox 1347 1519 1489 1569; x_wconf 74' lang='lat' dir='ltr'>Mueys.</span> <span class='ocrx_word' id='word_1_185' title='bbox 1527 1520 1679 1560; x_wconf 89' lang='lat' dir='ltr'>Praeter</span> 
     </span>
     <span class='ocr_line' id='line_1_20' title="bbox 156 1585 1676 1639; baseline 0.003 -17"><span class='ocrx_word' id='word_1_186' title='bbox 156 1586 427 1623; x_wconf 83' lang='lat' dir='ltr'>Schlichthorst.</span> <span class='ocrx_word' id='word_1_187' title='bbox 454 1587 476 1624; x_wconf 93' lang='lat' dir='ltr'>l.</span> <span class='ocrx_word' id='word_1_188' title='bbox 498 1587 520 1624; x_wconf 91' lang='lat' dir='ltr'>l.</span> <span class='ocrx_word' id='word_1_189' title='bbox 543 1601 579 1638; x_wconf 88' lang='lat' dir='ltr'>p.</span> <span class='ocrx_word' id='word_1_190' title='bbox 599 1587 664 1629; x_wconf 78' lang='lat'>42.</span> <span class='ocrx_word' id='word_1_191' title='bbox 695 1587 851 1626; x_wconf 83' lang='lat' dir='ltr'>Rennel.</span> <span class='ocrx_word' id='word_1_192' title='bbox 878 1587 900 1624; x_wconf 92' lang='lat' dir='ltr'>l.</span> <span class='ocrx_word' id='word_1_193' title='bbox 922 1587 944 1624; x_wconf 97' lang='lat' dir='ltr'>l.</span> <span class='ocrx_word' id='word_1_194' title='bbox 965 1600 1000 1637; x_wconf 92' lang='lat' dir='ltr'>p.</span> <span class='ocrx_word' id='word_1_195' title='bbox 1025 1588 1117 1627; x_wconf 86' lang='lat'>619.</span> <span class='ocrx_word' id='word_1_196' title='bbox 1148 1585 1332 1623; x_wconf 82' lang='lat' dir='ltr'>Mannert.</span> <span class='ocrx_word' id='word_1_197' title='bbox 1353 1585 1374 1623; x_wconf 90' lang='lat' dir='ltr'>l.</span> <span class='ocrx_word' id='word_1_198' title='bbox 1393 1587 1416 1624; x_wconf 94' lang='lat' dir='ltr'>l.</span> <span class='ocrx_word' id='word_1_199' title='bbox 1434 1602 1471 1638; x_wconf 89' lang='lat' dir='ltr'>p.</span> <span class='ocrx_word' id='word_1_200' title='bbox 1493 1588 1574 1630; x_wconf 81' lang='lat'>549</span> <span class='ocrx_word' id='word_1_201' title='bbox 1599 1603 1676 1639; x_wconf 90' lang='lat' dir='ltr'>seq.</span> 
     </span>
     <span class='ocr_line' id='line_1_21' title="bbox 156 1653 1676 1707; baseline 0 -15"><span class='ocrx_word' id='word_1_202' title='bbox 156 1655 287 1692; x_wconf 84' lang='lat' dir='ltr'>Ritter.</span> <span class='ocrx_word' id='word_1_203' title='bbox 308 1654 330 1691; x_wconf 96' lang='lat' dir='ltr'>l.</span> <span class='ocrx_word' id='word_1_204' title='bbox 352 1655 373 1691; x_wconf 95' lang='lat' dir='ltr'>l.</span> <span class='ocrx_word' id='word_1_205' title='bbox 407 1667 492 1705; x_wconf 86' lang='lat' dir='ltr'>pag.</span> <span class='ocrx_word' id='word_1_206' title='bbox 521 1658 602 1697; x_wconf 78' lang='lat'>827</span> <span class='ocrx_word' id='word_1_207' title='bbox 634 1669 735 1705; x_wconf 84' lang='lat' dir='ltr'>seqq.</span> <span class='ocrx_word' id='word_1_208' title='bbox 766 1660 807 1693; x_wconf 92' lang='lat' dir='ltr'>tu</span> <span class='ocrx_word' id='word_1_209' title='bbox 834 1656 906 1693; x_wconf 79' lang='lat' dir='ltr'>vid.</span> <span class='ocrx_word' id='word_1_210' title='bbox 938 1654 1101 1705; x_wconf 89' lang='lat' dir='ltr'>inprimis</span> <span class='ocrx_word' id='word_1_211' title='bbox 1133 1653 1182 1689; x_wconf 92' lang='lat' dir='ltr'>du</span> <span class='ocrx_word' id='word_1_212' title='bbox 1207 1653 1450 1704; x_wconf 71' lang='lat' dir='ltr'>Bois-Ayme</span> <span class='ocrx_word' id='word_1_213' title='bbox 1476 1669 1562 1707; x_wconf 85' lang='lat' dir='ltr'>pag.</span> <span class='ocrx_word' id='word_1_214' title='bbox 1581 1659 1676 1698; x_wconf 78' lang='grc'><strong>287.</strong></span> 
     </span>
     <span class='ocr_line' id='line_1_22' title="bbox 155 1721 1678 1772; baseline 0.003 -14"><span class='ocrx_word' id='word_1_215' title='bbox 155 1721 368 1770; x_wconf 80' lang='lat' dir='ltr'>Andre&#39;ossy</span> <span class='ocrx_word' id='word_1_216' title='bbox 389 1722 514 1769; x_wconf 79' lang='lat' dir='ltr'>(mem.</span> <span class='ocrx_word' id='word_1_217' title='bbox 538 1736 598 1760; x_wconf 90' lang='lat' dir='ltr'>sur</span> <span class='ocrx_word' id='word_1_218' title='bbox 617 1723 650 1761; x_wconf 93' lang='lat' dir='ltr'>le</span> <span class='ocrx_word' id='word_1_219' title='bbox 669 1723 724 1761; x_wconf 85' lang='lat' dir='ltr'>lac</span> <span class='ocrx_word' id='word_1_220' title='bbox 742 1724 958 1772; x_wconf 85' lang='lat' dir='ltr'>Menzaleh)</span> <span class='ocrx_word' id='word_1_221' title='bbox 993 1724 1029 1759; x_wconf 94' lang='lat' dir='ltr'>in</span> <span class='ocrx_word' id='word_1_222' title='bbox 1050 1721 1224 1771; x_wconf 87' lang='lat' dir='ltr'>descript.</span> <span class='ocrx_word' id='word_1_223' title='bbox 1242 1722 1289 1759; x_wconf 86' lang='lat' dir='ltr'>de</span> <span class='ocrx_word' id='word_1_224' title='bbox 1305 1721 1398 1772; x_wconf 84' lang='lat' dir='ltr'>l’Eg.</span> <span class='ocrx_word' id='word_1_225' title='bbox 1419 1724 1496 1760; x_wconf 79' lang='lat' dir='ltr'>etat</span> <span class='ocrx_word' id='word_1_226' title='bbox 1512 1725 1678 1763; x_wconf 92' lang='lat' dir='ltr'>modern.</span> 
     </span>
     <span class='ocr_line' id='line_1_23' title="bbox 155 1790 1676 1842; baseline 0.001 -14"><span class='ocrx_word' id='word_1_227' title='bbox 155 1790 172 1828; x_wconf 91' lang='grc' dir='ltr'><strong>Ι</strong></span> <span class='ocrx_word' id='word_1_228' title='bbox 194 1805 229 1841; x_wconf 93' lang='lat' dir='ltr'>p.</span> <span class='ocrx_word' id='word_1_229' title='bbox 250 1792 332 1832; x_wconf 79' lang='lat'>263</span> <span class='ocrx_word' id='word_1_230' title='bbox 355 1803 432 1839; x_wconf 87' lang='lat' dir='ltr'>seq.</span> <span class='ocrx_word' id='word_1_231' title='bbox 489 1791 545 1829; x_wconf 92' lang='lat' dir='ltr'>Le</span> <span class='ocrx_word' id='word_1_232' title='bbox 567 1792 660 1830; x_wconf 71' lang='lat' dir='ltr'>Pere</span> <span class='ocrx_word' id='word_1_233' title='bbox 689 1793 815 1840; x_wconf 82' lang='lat' dir='ltr'>(me&#39;m.</span> <span class='ocrx_word' id='word_1_234' title='bbox 839 1805 898 1829; x_wconf 90' lang='lat' dir='ltr'>sur</span> <span class='ocrx_word' id='word_1_235' title='bbox 915 1792 948 1829; x_wconf 88' lang='lat' dir='ltr'>le</span> <span class='ocrx_word' id='word_1_236' title='bbox 967 1791 1068 1829; x_wconf 88' lang='lat' dir='ltr'>canal</span> <span class='ocrx_word' id='word_1_237' title='bbox 1092 1790 1128 1827; x_wconf 91' lang='lat' dir='ltr'>d.</span> <span class='ocrx_word' id='word_1_238' title='bbox 1153 1790 1247 1826; x_wconf 86' lang='lat' dir='ltr'>deux</span> <span class='ocrx_word' id='word_1_239' title='bbox 1267 1791 1383 1838; x_wconf 89' lang='lat' dir='ltr'>mers)</span> <span class='ocrx_word' id='word_1_240' title='bbox 1412 1791 1499 1829; x_wconf 92' lang='lat' dir='ltr'>ibid.</span> <span class='ocrx_word' id='word_1_241' title='bbox 1521 1805 1557 1842; x_wconf 91' lang='lat' dir='ltr'>p.</span> <span class='ocrx_word' id='word_1_242' title='bbox 1582 1794 1676 1841; x_wconf 89' lang='lat'>113,</span> 
     </span>
     <span class='ocr_line' id='line_1_24' title="bbox 156 1858 1676 1908; baseline 0.001 -13"><span class='ocrx_word' id='word_1_243' title='bbox 156 1859 219 1908; x_wconf 88' lang='lat' dir='ltr'>qui</span> <span class='ocrx_word' id='word_1_244' title='bbox 242 1859 364 1895; x_wconf 90' lang='lat' dir='ltr'>omnia</span> <span class='ocrx_word' id='word_1_245' title='bbox 385 1859 507 1897; x_wconf 85' lang='lat' dir='ltr'>scribit</span> <span class='ocrx_word' id='word_1_246' title='bbox 526 1873 570 1898; x_wconf 91' lang='lat' dir='ltr'>eo</span> <span class='ocrx_word' id='word_1_247' title='bbox 590 1861 722 1898; x_wconf 90' lang='lat' dir='ltr'>ducere</span> <span class='ocrx_word' id='word_1_248' title='bbox 741 1860 894 1907; x_wconf 85' lang='lat' dir='ltr'>indicia,</span> <span class='ocrx_word' id='word_1_249' title='bbox 916 1864 956 1897; x_wconf 93' lang='lat' dir='ltr'>ut</span> <span class='ocrx_word' id='word_1_250' title='bbox 974 1860 1079 1896; x_wconf 87' lang='lat' dir='ltr'>huius</span> <span class='ocrx_word' id='word_1_251' title='bbox 1100 1859 1199 1895; x_wconf 83' lang='lat' dir='ltr'>fluvii</span> <span class='ocrx_word' id='word_1_252' title='bbox 1220 1858 1360 1896; x_wconf 87' lang='lat' dir='ltr'>alveum</span> <span class='ocrx_word' id='word_1_253' title='bbox 1378 1863 1579 1896; x_wconf 88' lang='lat' dir='ltr'>statuamus</span> <span class='ocrx_word' id='word_1_254' title='bbox 1592 1872 1676 1897; x_wconf 87' lang='lat' dir='ltr'>esse</span> 
     </span>
     <span class='ocr_line' id='line_1_25' title="bbox 156 1926 1676 1978; baseline 0.001 -15"><span class='ocrx_word' id='word_1_255' title='bbox 156 1927 298 1964; x_wconf 75' lang='lat' dir='ltr'>alveum</span> <span class='ocrx_word' id='word_1_256' title='bbox 317 1927 454 1976; x_wconf 79' lang='lat' dir='ltr'>antiqui</span> <span class='ocrx_word' id='word_1_257' title='bbox 475 1927 652 1965; x_wconf 89' lang='lat' dir='ltr'>Pelusiaci</span> <span class='ocrx_word' id='word_1_258' title='bbox 673 1927 870 1978; x_wconf 87' lang='lat' dir='ltr'>(superiori</span> <span class='ocrx_word' id='word_1_259' title='bbox 891 1941 939 1964; x_wconf 89' lang='lat' dir='ltr'>sc.</span> <span class='ocrx_word' id='word_1_260' title='bbox 956 1931 1062 1977; x_wconf 90' lang='lat' dir='ltr'>parte</span> <span class='ocrx_word' id='word_1_261' title='bbox 1081 1940 1197 1976; x_wconf 89' lang='lat' dir='ltr'>usque</span> <span class='ocrx_word' id='word_1_262' title='bbox 1216 1927 1264 1963; x_wconf 89' lang='lat' dir='ltr'>ad</span> <span class='ocrx_word' id='word_1_263' title='bbox 1282 1927 1481 1976; x_wconf 80' lang='lat' dir='ltr'>Bubastia)</span> <span class='ocrx_word' id='word_1_264' title='bbox 1503 1931 1540 1965; x_wconf 89' lang='lat' dir='ltr'>et</span> <span class='ocrx_word' id='word_1_265' title='bbox 1559 1926 1676 1965; x_wconf 86' lang='lat' dir='ltr'>Tani-</span> 
     </span>
     <span class='ocr_line' id='line_1_26' title="bbox 155 1993 1675 2044; baseline 0.003 -14"><span class='ocrx_word' id='word_1_266' title='bbox 155 1995 215 2031; x_wconf 88' lang='lat' dir='ltr'>tici</span> <span class='ocrx_word' id='word_1_267' title='bbox 237 1994 416 2042; x_wconf 90' lang='lat' dir='ltr'>(inferiori</span> <span class='ocrx_word' id='word_1_268' title='bbox 437 1994 510 2031; x_wconf 90' lang='lat' dir='ltr'>scil.</span> <span class='ocrx_word' id='word_1_269' title='bbox 532 1995 668 2044; x_wconf 86' lang='lat' dir='ltr'>parte).</span> <span class='ocrx_word' id='word_1_270' title='bbox 706 1994 820 2032; x_wconf 88' lang='lat' dir='ltr'>Aliter</span> <span class='ocrx_word' id='word_1_271' title='bbox 838 1998 1063 2032; x_wconf 86' lang='lat' dir='ltr'>statuentem</span> <span class='ocrx_word' id='word_1_272' title='bbox 1082 1993 1396 2044; x_wconf 87' lang='lat' dir='ltr'>Champollionem</span> <span class='ocrx_word' id='word_1_273' title='bbox 1418 1999 1455 2032; x_wconf 92' lang='lat' dir='ltr'>et</span> <span class='ocrx_word' id='word_1_274' title='bbox 1473 2008 1584 2044; x_wconf 88' lang='lat' dir='ltr'>supra</span> <span class='ocrx_word' id='word_1_275' title='bbox 1604 1996 1675 2034; x_wconf 88' lang='lat' dir='ltr'>iam</span> 
     </span>
     <span class='ocr_line' id='line_1_27' title="bbox 155 2062 1601 2113; baseline 0 -13"><span class='ocrx_word' id='word_1_276' title='bbox 155 2067 452 2108; x_wconf 79' lang='lat' dir='ltr'>memoravimu53</span> <span class='ocrx_word' id='word_1_277' title='bbox 483 2062 577 2099; x_wconf 86' lang='lat' dir='ltr'>conf.</span> <span class='ocrx_word' id='word_1_278' title='bbox 600 2075 694 2111; x_wconf 89' lang='lat' dir='ltr'>quae</span> <span class='ocrx_word' id='word_1_279' title='bbox 713 2062 771 2100; x_wconf 91' lang='lat' dir='ltr'>ille</span> <span class='ocrx_word' id='word_1_280' title='bbox 790 2064 935 2101; x_wconf 88' lang='lat' dir='ltr'>disserit</span> <span class='ocrx_word' id='word_1_281' title='bbox 955 2063 1183 2112; x_wconf 89' lang='lat' dir='ltr'>potissimum</span> <span class='ocrx_word' id='word_1_282' title='bbox 1200 2076 1237 2113; x_wconf 91' lang='lat' dir='ltr'>p.</span> <span class='ocrx_word' id='word_1_283' title='bbox 1261 2062 1312 2103; x_wconf 85' lang='lat'>14</span> <span class='ocrx_word' id='word_1_284' title='bbox 1335 2076 1412 2112; x_wconf 89' lang='lat' dir='ltr'>seq.</span> <span class='ocrx_word' id='word_1_285' title='bbox 1447 2066 1498 2104; x_wconf 85' lang='lat'>17</span> <span class='ocrx_word' id='word_1_286' title='bbox 1524 2076 1601 2113; x_wconf 92' lang='lat' dir='ltr'>seq.</span> 
     </span>
    </p>

    <p class='ocr_par' dir='ltr' id='par_1_4' title="bbox 152 2128 1674 2789">
     <span class='ocr_line' id='line_1_28' title="bbox 269 2128 1674 2181; baseline 0.001 -16"><span class='ocrx_word' id='word_1_287' title='bbox 269 2128 488 2166; x_wconf 65' lang='lat' dir='ltr'>Mendesium</span> <span class='ocrx_word' id='word_1_288' title='bbox 509 2129 640 2166; x_wconf 90' lang='lat' dir='ltr'>ostium</span> <span class='ocrx_word' id='word_1_289' title='bbox 653 2158 664 2177; x_wconf 94' lang='lat'>,</span> <span class='ocrx_word' id='word_1_290' title='bbox 693 2129 788 2167; x_wconf 89' lang='lat' dir='ltr'>intra</span> <span class='ocrx_word' id='word_1_291' title='bbox 807 2131 842 2167; x_wconf 91' lang='lat' dir='ltr'>T</span> <span class='ocrx_word' id='word_1_292' title='bbox 845 2132 1015 2168; x_wconf 88' lang='lat' dir='ltr'>aniticum</span> <span class='ocrx_word' id='word_1_293' title='bbox 1033 2135 1071 2168; x_wconf 86' lang='lat' dir='ltr'>et</span> <span class='ocrx_word' id='word_1_294' title='bbox 1091 2130 1373 2178; x_wconf 71' lang='lat' dir='ltr'>Sebennyticum</span> <span class='ocrx_word' id='word_1_295' title='bbox 1394 2132 1495 2180; x_wconf 93' lang='lat' dir='ltr'>quod</span> <span class='ocrx_word' id='word_1_296' title='bbox 1513 2132 1674 2181; x_wconf 88' lang='lat' dir='ltr'>ponitur,</span> 
     </span>
     <span class='ocr_line' id='line_1_29' title="bbox 155 2196 1672 2248; baseline -0.001 -14"><span class='ocrx_word' id='word_1_297' title='bbox 155 2198 201 2234; x_wconf 87' lang='lat' dir='ltr'>ab</span> <span class='ocrx_word' id='word_1_298' title='bbox 225 2198 383 2248; x_wconf 91' lang='lat' dir='ltr'>oppido,</span> <span class='ocrx_word' id='word_1_299' title='bbox 415 2197 470 2234; x_wconf 92' lang='lat' dir='ltr'>cui</span> <span class='ocrx_word' id='word_1_300' title='bbox 493 2196 648 2233; x_wconf 82' lang='lat' dir='ltr'>Mendes</span> <span class='ocrx_word' id='word_1_301' title='bbox 669 2210 826 2245; x_wconf 91' lang='lat' dir='ltr'>nomen,</span> <span class='ocrx_word' id='word_1_302' title='bbox 861 2203 1025 2235; x_wconf 76' lang='lat' dir='ltr'>vocaturn</span> <span class='ocrx_word' id='word_1_303' title='bbox 1045 2202 1112 2234; x_wconf 88' lang='lat' dir='ltr'>est.</span> <span class='ocrx_word' id='word_1_304' title='bbox 1171 2197 1202 2233; x_wconf 93' lang='lat' dir='ltr'><strong>E</strong></span> <span class='ocrx_word' id='word_1_305' title='bbox 1225 2197 1471 2245; x_wconf 78' lang='lat' dir='ltr'>Sebennytico</span> <span class='ocrx_word' id='word_1_306' title='bbox 1490 2196 1672 2247; x_wconf 85' lang='lat' dir='ltr'>provenit,</span> 
     </span>
     <span class='ocr_line' id='line_1_30' title="bbox 155 2264 1672 2313; baseline -0.001 -12"><span class='ocrx_word' id='word_1_307' title='bbox 155 2265 186 2301; x_wconf 90' lang='lat' dir='ltr'>si</span> <span class='ocrx_word' id='word_1_308' title='bbox 206 2265 438 2303; x_wconf 86' lang='lat' dir='ltr'>Herodotum</span> <span class='ocrx_word' id='word_1_309' title='bbox 459 2264 606 2310; x_wconf 85' lang='lat' dir='ltr'>audias,</span> <span class='ocrx_word' id='word_1_310' title='bbox 637 2278 656 2301; x_wconf 97' lang='lat' dir='ltr'>e</span> <span class='ocrx_word' id='word_1_311' title='bbox 678 2264 875 2312; x_wconf 81' lang='lat' dir='ltr'>Phatnico,</span> <span class='ocrx_word' id='word_1_312' title='bbox 896 2266 925 2302; x_wconf 88' lang='lat' dir='ltr'>si</span> <span class='ocrx_word' id='word_1_313' title='bbox 944 2265 1116 2301; x_wconf 89' lang='lat' dir='ltr'>Straboni</span> <span class='ocrx_word' id='word_1_314' title='bbox 1134 2265 1238 2301; x_wconf 88' lang='lat' dir='ltr'>fides.</span> <span class='ocrx_word' id='word_1_315' title='bbox 1268 2264 1310 2300; x_wconf 89' lang='lat' dir='ltr'>In</span> <span class='ocrx_word' id='word_1_316' title='bbox 1331 2277 1404 2313; x_wconf 91' lang='lat' dir='ltr'>quo</span> <span class='ocrx_word' id='word_1_317' title='bbox 1422 2268 1545 2300; x_wconf 87' lang='lat' dir='ltr'>tamen</span> <span class='ocrx_word' id='word_1_318' title='bbox 1565 2277 1672 2301; x_wconf 90' lang='lat' dir='ltr'>nemo</span> 
     </span>
     <span class='ocr_line' id='line_1_31' title="bbox 154 2331 1671 2382; baseline 0 -13"><span class='ocrx_word' id='word_1_319' title='bbox 154 2332 340 2380; x_wconf 87' lang='lat' dir='ltr'>haerebit,</span> <span class='ocrx_word' id='word_1_320' title='bbox 369 2333 450 2381; x_wconf 89' lang='lat' dir='ltr'>qui,</span> <span class='ocrx_word' id='word_1_321' title='bbox 481 2345 576 2380; x_wconf 88' lang='lat' dir='ltr'>quae</span> <span class='ocrx_word' id='word_1_322' title='bbox 607 2333 653 2369; x_wconf 92' lang='lat' dir='ltr'>de</span> <span class='ocrx_word' id='word_1_323' title='bbox 683 2332 857 2368; x_wconf 88' lang='lat' dir='ltr'>Phatnico</span> <span class='ocrx_word' id='word_1_324' title='bbox 891 2333 1002 2368; x_wconf 82' lang='lat' dir='ltr'>fluvio</span> <span class='ocrx_word' id='word_1_325' title='bbox 1032 2345 1143 2382; x_wconf 88' lang='lat' dir='ltr'>supra</span> <span class='ocrx_word' id='word_1_326' title='bbox 1175 2331 1406 2379; x_wconf 90' lang='lat' dir='ltr'>monuimus,</span> <span class='ocrx_word' id='word_1_327' title='bbox 1437 2332 1671 2381; x_wconf 87' lang='lat' dir='ltr'>reputaverit.</span> 
     </span>
     <span class='ocr_line' id='line_1_32' title="bbox 152 2398 1672 2448; baseline 0.001 -12"><span class='ocrx_word' id='word_1_328' title='bbox 152 2399 386 2437; x_wconf 88' lang='lat' dir='ltr'>Mendesium</span> <span class='ocrx_word' id='word_1_329' title='bbox 403 2399 534 2436; x_wconf 89' lang='lat' dir='ltr'>ostium</span> <span class='ocrx_word' id='word_1_330' title='bbox 554 2399 673 2436; x_wconf 87' lang='lat' dir='ltr'>adhuc</span> <span class='ocrx_word' id='word_1_331' title='bbox 696 2400 877 2436; x_wconf 80' lang='lat' dir='ltr'>invenitur</span> <span class='ocrx_word' id='word_1_332' title='bbox 903 2399 1052 2436; x_wconf 87' lang='lat' dir='ltr'>nomine</span> <span class='ocrx_word' id='word_1_333' title='bbox 1079 2398 1212 2435; x_wconf 87' lang='lat' dir='ltr'>canalis</span> <span class='ocrx_word' id='word_1_334' title='bbox 1237 2398 1419 2446; x_wconf 77' lang='lat' dir='ltr'>Achmun,</span> <span class='ocrx_word' id='word_1_335' title='bbox 1451 2400 1513 2448; x_wconf 91' lang='lat' dir='ltr'>qui</span> <span class='ocrx_word' id='word_1_336' title='bbox 1537 2413 1556 2437; x_wconf 93' lang='lat' dir='ltr'>e</span> <span class='ocrx_word' id='word_1_337' title='bbox 1576 2399 1672 2437; x_wconf 86' lang='lat' dir='ltr'>Pha-</span> 
     </span>
     <span class='ocr_line' id='line_1_33' title="bbox 153 2466 1673 2516; baseline 0.001 -12"><span class='ocrx_word' id='word_1_338' title='bbox 153 2467 248 2504; x_wconf 88' lang='lat' dir='ltr'>tnico</span> <span class='ocrx_word' id='word_1_339' title='bbox 279 2466 394 2504; x_wconf 88' lang='lat' dir='ltr'>canali</span> <span class='ocrx_word' id='word_1_340' title='bbox 428 2480 457 2504; x_wconf 91' lang='lat' dir='ltr'>s.</span> <span class='ocrx_word' id='word_1_341' title='bbox 485 2466 695 2504; x_wconf 89' lang='lat' dir='ltr'>Damiatino</span> <span class='ocrx_word' id='word_1_342' title='bbox 727 2467 910 2503; x_wconf 78' lang='lat' dir='ltr'>derivatus</span> <span class='ocrx_word' id='word_1_343' title='bbox 941 2466 1116 2516; x_wconf 88' lang='lat' dir='ltr'>oppidum</span> <span class='ocrx_word' id='word_1_344' title='bbox 1136 2466 1301 2503; x_wconf 91' lang='lat' dir='ltr'>Achmun</span> <span class='ocrx_word' id='word_1_345' title='bbox 1328 2467 1608 2516; x_wconf 85' lang='lat' dir='ltr'>praeterlabitur</span> <span class='ocrx_word' id='word_1_346' title='bbox 1635 2471 1673 2505; x_wconf 87' lang='lat' dir='ltr'>et</span> 
     </span>
     <span class='ocr_line' id='line_1_34' title="bbox 152 2533 1672 2584; baseline 0.001 -15"><span class='ocrx_word' id='word_1_347' title='bbox 152 2548 268 2584; x_wconf 87' lang='lat' dir='ltr'>prope</span> <span class='ocrx_word' id='word_1_348' title='bbox 289 2535 435 2581; x_wconf 89' lang='lat' dir='ltr'>urbem,</span> <span class='ocrx_word' id='word_1_349' title='bbox 466 2547 560 2584; x_wconf 85' lang='lat' dir='ltr'>quae</span> <span class='ocrx_word' id='word_1_350' title='bbox 581 2547 678 2571; x_wconf 89' lang='lat' dir='ltr'>nunc</span> <span class='ocrx_word' id='word_1_351' title='bbox 696 2534 825 2571; x_wconf 85' lang='lat' dir='ltr'>dicitur</span> <span class='ocrx_word' id='word_1_352' title='bbox 847 2533 1042 2579; x_wconf 76' lang='lat' dir='ltr'>IlIensura,</span> <span class='ocrx_word' id='word_1_353' title='bbox 1073 2535 1110 2570; x_wconf 93' lang='lat' dir='ltr'>in</span> <span class='ocrx_word' id='word_1_354' title='bbox 1134 2533 1249 2571; x_wconf 91' lang='lat' dir='ltr'>lacum</span> <span class='ocrx_word' id='word_1_355' title='bbox 1269 2533 1464 2571; x_wconf 86' lang='lat' dir='ltr'>Menzaleh</span> <span class='ocrx_word' id='word_1_356' title='bbox 1484 2534 1576 2580; x_wconf 84' lang='lat' dir='ltr'>exit,</span> <span class='ocrx_word' id='word_1_357' title='bbox 1605 2547 1672 2584; x_wconf 90' lang='lat' dir='ltr'>per</span> 
     </span>
     <span class='ocr_line' id='line_1_35' title="bbox 152 2602 1670 2652; baseline 0 -15"><span class='ocrx_word' id='word_1_358' title='bbox 152 2615 260 2650; x_wconf 89' lang='lat' dir='ltr'>quem</span> <span class='ocrx_word' id='word_1_359' title='bbox 277 2603 395 2652; x_wconf 90' lang='lat' dir='ltr'>ipsum</span> <span class='ocrx_word' id='word_1_360' title='bbox 414 2616 495 2639; x_wconf 90' lang='lat' dir='ltr'>cum</span> <span class='ocrx_word' id='word_1_361' title='bbox 516 2603 605 2639; x_wconf 88' lang='lat' dir='ltr'>mari</span> <span class='ocrx_word' id='word_1_362' title='bbox 626 2603 679 2639; x_wconf 88' lang='lat' dir='ltr'>ita</span> <span class='ocrx_word' id='word_1_363' title='bbox 699 2602 942 2651; x_wconf 84' lang='lat' dir='ltr'>coniungitur,</span> <span class='ocrx_word' id='word_1_364' title='bbox 962 2606 1004 2638; x_wconf 86' lang='lat' dir='ltr'>ut</span> <span class='ocrx_word' id='word_1_365' title='bbox 1020 2602 1200 2650; x_wconf 83' lang='lat' dir='ltr'>hodieque</span> <span class='ocrx_word' id='word_1_366' title='bbox 1219 2602 1451 2652; x_wconf 87' lang='lat' dir='ltr'>conspicuum</span> <span class='ocrx_word' id='word_1_367' title='bbox 1470 2602 1515 2638; x_wconf 90' lang='lat' dir='ltr'>sit</span> <span class='ocrx_word' id='word_1_368' title='bbox 1536 2602 1670 2638; x_wconf 91' lang='lat' dir='ltr'>ostium</span> 
     </span>
     <span class='ocr_line' id='line_1_36' title="bbox 153 2668 1669 2720; baseline 0.001 -16"><span class='ocrx_word' id='word_1_369' title='bbox 153 2670 391 2717; x_wconf 77' lang='lat' dir='ltr'>maritimum,</span> <span class='ocrx_word' id='word_1_370' title='bbox 421 2671 566 2708; x_wconf 86' lang='lat' dir='ltr'>nomine</span> <span class='ocrx_word' id='word_1_371' title='bbox 587 2669 722 2720; x_wconf 73' lang='lat' dir='ltr'>Dybelt.</span> <span class='ocrx_word' id='word_1_372' title='bbox 772 2671 881 2707; x_wconf 89' lang='lat' dir='ltr'>Conf.</span> <span class='ocrx_word' id='word_1_373' title='bbox 904 2669 1087 2706; x_wconf 87' lang='lat' dir='ltr'>Mannert.</span> <span class='ocrx_word' id='word_1_374' title='bbox 1109 2670 1130 2705; x_wconf 93' lang='lat' dir='ltr'>l.</span> <span class='ocrx_word' id='word_1_375' title='bbox 1153 2669 1174 2706; x_wconf 92' lang='lat' dir='ltr'>l.</span> <span class='ocrx_word' id='word_1_376' title='bbox 1200 2683 1236 2719; x_wconf 90' lang='lat' dir='ltr'>p.</span> <span class='ocrx_word' id='word_1_377' title='bbox 1255 2669 1346 2710; x_wconf 84' lang='lat'>549.</span> <span class='ocrx_word' id='word_1_378' title='bbox 1378 2668 1581 2718; x_wconf 85' lang='lat' dir='ltr'>Champoll.</span> <span class='ocrx_word' id='word_1_379' title='bbox 1600 2668 1624 2705; x_wconf 95' lang='lat' dir='ltr'>l.</span> <span class='ocrx_word' id='word_1_380' title='bbox 1645 2668 1669 2705; x_wconf 91' lang='lat' dir='ltr'>l.</span> 
     </span>
     <span class='ocr_line' id='line_1_37' title="bbox 153 2736 1479 2789; baseline 0 -18"><span class='ocrx_word' id='word_1_381' title='bbox 153 2749 191 2786; x_wconf 92' lang='lat' dir='ltr'>p.</span> <span class='ocrx_word' id='word_1_382' title='bbox 217 2737 267 2778; x_wconf 87' lang='lat'>15</span> <span class='ocrx_word' id='word_1_383' title='bbox 288 2750 364 2786; x_wconf 89' lang='lat' dir='ltr'>seq.</span> <span class='ocrx_word' id='word_1_384' title='bbox 394 2737 527 2775; x_wconf 86' lang='lat' dir='ltr'>Ritter.</span> <span class='ocrx_word' id='word_1_385' title='bbox 546 2738 569 2777; x_wconf 95' lang='lat' dir='ltr'>l.</span> <span class='ocrx_word' id='word_1_386' title='bbox 591 2738 613 2775; x_wconf 94' lang='lat' dir='ltr'>l.</span> <span class='ocrx_word' id='word_1_387' title='bbox 638 2751 675 2789; x_wconf 87' lang='lat' dir='ltr'>p.</span> <span class='ocrx_word' id='word_1_388' title='bbox 696 2740 774 2779; x_wconf 82' lang='lat'>831</span> <span class='ocrx_word' id='word_1_389' title='bbox 800 2742 835 2775; x_wconf 90' lang='lat' dir='ltr'>et</span> <span class='ocrx_word' id='word_1_390' title='bbox 855 2738 905 2774; x_wconf 90' lang='lat' dir='ltr'>du</span> <span class='ocrx_word' id='word_1_391' title='bbox 922 2736 1166 2786; x_wconf 77' lang='lat' dir='ltr'>Bois-Ayme</span> <span class='ocrx_word' id='word_1_392' title='bbox 1186 2737 1208 2774; x_wconf 90' lang='lat' dir='ltr'>l.</span> <span class='ocrx_word' id='word_1_393' title='bbox 1228 2737 1249 2774; x_wconf 90' lang='lat' dir='ltr'>l.</span> <span class='ocrx_word' id='word_1_394' title='bbox 1278 2749 1363 2788; x_wconf 82' lang='lat' dir='ltr'>pag.</span> <span class='ocrx_word' id='word_1_395' title='bbox 1385 2736 1479 2775; x_wconf 82' lang='lat'>288.</span> 
     </span>
    </p>
   </div>
   <div class='ocr_carea' id='block_1_3' title="bbox 808 2855 1055 2862">
    <p class='ocr_par' dir='ltr' id='par_1_5' title="bbox 808 2855 1055 2862">
     <span class='ocr_line' id='line_1_38' title="bbox 808 2855 1055 2862; baseline 0 0"><span class='ocrx_word' id='word_1_396' title='bbox 808 2855 1055 2862; x_wconf 95' lang='lat' dir='ltr'> </span> 
     </span>
    </p>
   </div>
  </div>
 </body>
</html>
