1759 3324
347 273 435 313 368

741 271 1213 313 HERODOTI

350 390 433 437 σφι
460 382 560 438 νῆες
588 381 913 439 διεφθάρησαν*
945 384 992 427 αἱ
1022 383 1068 428 δὲ
1096 383 1234 427 εἴκοσι
1261 383 1308 426 αἱ
1336 384 1668 438 περιεοῦσαι,40

345 454 458 516 ἦσαν
496 459 723 518 ἄχρηστοι·
772 461 1079 518 ἀπεστράφατο
1116 462 1201 518 γάρ
1241 461 1348 513 τούς
1382 460 1613 518 ἐμβόλους.

318 538 707 592 ὄκαταπλώσαντες
747 541 793 584 ὁὲ
835 542 878 593 ἐς
915 541 995 598 τὴν
1028 540 1255 597 Ἀλαλίην,
1307 538 1523 598 ἀνέλαβον
1557 540 1611 584 τοὶ

345 621 475 664 τέκνα
503 619 578 664 καὶ
606 617 685 670 τας
712 625 948 674 γυναῖκας,
977 621 1053 664 καὶ
1080 619 1159 677 τὴν
1179 619 1313 677 ἄλλην
1334 625 1485 677 κτῆσιν
1503 620 1616 676 ὅσην

346 697 437 744 οἶαί
462 715 506 742 τε
536 698 732 754 ἐγίνοντο
763 700 809 741 αἱ
829 698 928 754 νῆές
947 710 1028 754 σφι
1052 697 1193 754 ἄγειν·
1226 700 1298 743 καὶ
1317 700 1461 743 ἔπειτα
1482 698 1613 755 α’φέν-

192 781 293 826 16‘5
351 795 419 829 τες
447 777 527 834 τήν
555 776 741 834 Κύρνον
778 777 933 820 ἔπλεον
974 777 1016 828 ἐς
1043 777 1226 834 Ῥήγιον.

13 846 58 874 Eo
43 854 74 873 os
89 845 139 880 qui
129 845 194 872 ibe
196 845 236 872 110
221 853 295 872 n-ca

13 880 76 920 pti,
86 879 146 914 lapi
139 879 176 905 nid
182 879 234 905 bus

14 913 76 941 ruti
128 913 295 948 perierunt,

295 1066 349 1106 12
370 1068 407 1101 et
423 1063 593 1113 Excerpt.
613 1060 694 1099 libri
705 1060 814 1099 XXII
834 1061 949 1112 (Τ.Π

292 1134 330 1172 p.
353 1119 469 1168 495).
531 1120 597 1157 Cr.
619 1119 742 1156 addit:
771 1118 876 1166 „Ast.
899 1120 948 1157 ad

293 1177 436 1215 Platon.
457 1177 504 1214 de
524 1175 644 1224 Legg.
661 1175 701 1224 Ι,
723 1177 771 1216 11
795 1174 947 1226 pag.65

293 1238 330 1271 et
350 1232 471 1270 Schol.
492 1231 642 1270 Aristid.
672 1245 758 1282 pag.
778 1234 858 1273 188
889 1233 948 1271 ed.

290 1289 515 1327 Frommel.“
535 1290 640 1327 Bene
661 1294 842 1326 caeterum
853 1288 949 1326 Lar-

291 1346 418 1384 cherus
445 1350 594 1393 monet,
630 1345 724 1382 hanc
761 1345 949 1382 victoriam

289 1415 366 1439 non
382 1403 678 1440 confundendam
698 1414 778 1439 esse
799 1415 877 1439 cum
891 1414 948 1449 ea,

290 1472 401 1509 quam
448 1458 702 1496 Phocaeenses
747 1457 949 1495 Massiliam

288 1516 488 1553 condentes
521 1516 568 1553 de
587 1515 948 1564 Carthaginiensibus

287 1576 496 1621 reportasse
508 1571 744 1619 Thucydides
767 1572 899 1608 scribat
917 1570 947 1618 I,

297 1630 361 1669 13.
420 1628 520 1666 Nam
541 1627 744 1664 Massiliam
766 1627 950 1664 conditam

293 1698 375 1722 esse
396 1689 481 1722 ante
500 1684 590 1721 haec
613 1689 779 1734 tempora
792 1684 858 1731 (de
870 1683 949 1731 qui-

293 1741 360 1777 bus
383 1740 440 1778 hic
458 1742 597 1789 agitur)
628 1741 856 1789 sexagesimo
872 1741 950 1776 fere

291 1809 402 1834 anno.
442 1797 555 1841 Quod
573 1797 602 1834 si
623 1810 747 1834 verum
767 1802 845 1843 est,
874 1808 950 1832 non

290 1853 501 1901 mirum‚hic
520 1853 590 1890 loci
609 1853 745 1890 nullam
758 1853 949 1891 fierimen-

291 1911 430 1948 tionem
458 1909 622 1948 coloniae
652 1922 675 1946 a
703 1908 948 1946 Phocaeensi-

292 1967 360 2004 bus
399 1965 600 2003 Massiliam
633 1966 833 2012 deductae,
879 1977 948 2001 nec

291 2022 381 2059 illud
397 2023 474 2059 iure
500 2021 663 2069 mireris,
692 2021 945 2057 Phoeaeenses

292 2078 412 2129 patria
430 2078 554 2115 relicta
571 2090 645 2114 non
665 2077 714 2113 ad
740 2089 824 2112 suos
843 2075 946 2112 Mas-

292 2134 478 2181 silienses,
496 2146 621 2171 verum
641 2132 713 2170 alio
734 2145 773 2169 se
796 2144 946 2168 conver-

288 2190 400 2236 tisse,
448 2202 559 2238 quum
598 2189 636 2226 hi
660 2188 779 2226 arctis
812 2188 944 2236 finibus

289 2246 424 2284 suerint
444 2246 562 2282 adhuc
587 2244 734 2293 inclusi,
762 2244 945 2281 barbaris-

290 2315 363 2352 que
385 2302 552 2351 gentibus
570 2302 687 2338 cincti.
737 2300 858 2344 Quum
881 2314 944 2338 ve-

288 2371 331 2396 ro
353 2358 445 2405 sint,
475 2358 537 2407 qui
552 2357 619 2394 hac
637 2357 826 2395 occasione
842 2356 945 2394 Mas-

291 2414 407 2452 siliam
443 2426 465 2451 a
498 2413 789 2451 Phocaeensibus
817 2414 944 2450 condi-

288 2474 366 2508 tam
394 2474 559 2516 narrent,
598 2473 637 2506 ut
664 2470 864 2507 Pausanias
894 2469 944 2516 X,

290 2529 330 2570 8.
358 2525 537 2564 Ammian.
571 2525 772 2564 Marcellin.
800 2526 883 2572 XV,
903 2529 944 2573 9,

290 2596 356 2622 005
389 2587 427 2621 et
442 2587 610 2633 tempora
637 2586 674 2620 et
700 2595 758 2620 res
782 2583 944 2620 diversas

289 2640 416 2688 utique
452 2638 703 2689 permiscuisse
739 2651 835 2675 nunc
871 2642 946 2675 sta-

290 2699 408 2733 tuunt.
439 2694 539 2733 Nam
567 2694 624 2730 vix
652 2694 843 2740 credibile,
863 2693 945 2731 He-

290 2752 462 2789 rodotum
487 2750 691 2787 huiusmodi
709 2763 767 2788 res
787 2754 862 2787 tam
885 2762 946 2787 ac-

289 2812 414 2846 curate
440 2811 477 2845 et
509 2806 671 2844 studiose
698 2805 946 2854 indagantem,

290 2864 364 2902 tale
397 2864 485 2913 quid
513 2863 542 2900 si
570 2875 608 2899 re
639 2875 725 2900 vera
763 2862 946 2909 acciderit,

293 2920 477 2968 omisisse,
506 2920 722 2971 praesertim
744 2918 806 2970 qui
834 2918 872 2957 in
902 2930 946 2958 ea

1291 782 1390 821 Τῶν
1429 778 1475 822 δὲ
1518 780 1610 822 δια-
1623 779 1670 819 45

245 879 296 905 0.b
354 854 635 914 φθαρεισέων
661 859 776 900 νεῶν
801 855 908 907 τούς
935 854 1124 912 ἄνδρας,
1171 858 1219 900 οἳ
1241 873 1286 900 τε
1315 857 1615 916 Καρχηδόνιοι

1013 1061 1142 1101 Italiae
1169 1066 1276 1113 parte
1307 1063 1389 1114 ipse
1418 1061 1481 1100 diu
1511 1075 1673 1100 commo-

1014 1124 1113 1157 ratus
1150 1120 1278 1167 suerst,
1325 1119 1389 1157 ubi
1417 1119 1671 1158 Phocaeenses

1017 1177 1102 1214 dein
1127 1176 1368 1213 consederint.
1428 1176 1537 1213 conf.
1554 1175 1673 1214 Dalil-

1016 1233 1140 1270 manni
1157 1233 1338 1270 Herodot.
1363 1246 1401 1283 p.
1425 1231 1518 1274 141.
1565 1232 1671 1270 Haec

1017 1291 1067 1327 ad
1095 1289 1279 1327 Herodoti
1317 1288 1436 1326 locum
1472 1289 1672 1335 sufficiant3

1017 1347 1064 1383 de
1084 1345 1283 1394 originibus
1303 1344 1490 1383 Massiliae
1510 1345 1609 1382 urbis
1630 1357 1672 1382 a-

1016 1402 1071 1440 liis
1094 1402 1296 1439 disserendi
1315 1403 1505 1451 negotium
1522 1401 1674 1451 permit-

1015 1459 1135 1496 timus.
1176 1457 1243 1497 Cr.
1265 1459 1407 1495 confert
1431 1458 1672 1496 Iohannsen.:

1014 1515 1158 1553 Veteris
1173 1513 1358 1552 Massiliae
1376 1527 1434 1552 res
1455 1518 1493 1552 et
1509 1514 1674 1551 instituta

1017 1571 1156 1619 (Kiliae
1177 1573 1304 1620 1817)
1324 1583 1411 1621 pag.
1425 1573 1476 1610 10
1496 1583 1588 1619 seq„
1610 1569 1673 1619 qui

1015 1633 1138 1665 tamen
1154 1628 1235 1678 ipse
1255 1640 1329 1664 non
1343 1627 1428 1663 satis
1452 1626 1498 1663 ab
1517 1626 1576 1663 illa
1586 1639 1674 1663 con-

1016 1685 1159 1722 fusione
1171 1685 1237 1721 sibi
1251 1684 1387 1721 cavisse
1398 1682 1553 1752 videtur,
1563 1694 1674 1732 quam

1017 1754 1127 1791 supra
1149 1740 1366 1777 notavimus.

1076 1790 1465 1864 ἀπεστράφατο]
1480 1792 1674 1833 MaleMe-

1017 1853 1139 1891 diceus
1161 1848 1454 1904 ἐπεστρέφετο
1510 1851 1620 1888 Conf.
1642 1850 1673 1899 I,

1017 1908 1110 1950 141.
1125 1931 1180 1937 —-
1201 1909 1292 1946 Mox
1321 1921 1389 1959 pro
1417 1906 1603 1956 vulgato’
1585 1906 1674 1959 εγέ-

1013 1980 1131 2004 νοντο
1154 1979 1234 2002 cum
1252 1969 1402 2002 recentt.
1437 1977 1458 2001 e
1476 1963 1675 2001 Schellers-

1012 2022 1182 2058 hemiano
1206 2021 1333 2070 scripsi
1362 2019 1572 2071 ἐγίνοντο.
1592 2020 1674 2057 Ob-

1012 2077 1172 2127 loquitur
1210 2089 1337 2115 censor
1365 2077 1403 2112 in
1431 2076 1586 2127 Ephem.
1613 2076 1673 2114 Ie-

1013 2146 1135 2172 nenss.
1158 2135 1265 2175 1817
1287 2146 1341 2169 nr.
1366 2132 1447 2173 164
1467 2145 1554 2183 pag.
1574 2135 1671 2175 373.
1716 2144 1720 2145 ⁷

1068 2185 1396 2234 καταπλώσαντες
1415 2209 1473 2216 -
1495 2184 1522 2227 οἷ
1532 2204 1554 2228 ν
1566 2187 1584 2227 έ
1594 2192 1616 2227 λ
1628 2205 1671 2228 α-

1013 2246 1039 2298 β
1051 2261 1071 2285 ο
1083 2245 1134 2296 ν]
1168 2242 1468 2296 οἷναλαμβοὲνειν
1488 2245 1556 2282 hac
1573 2246 1611 2284 in
1629 2259 1671 2283 re

1011 2303 1199 2354 proprium
1218 2306 1323 2339 notat
1333 2301 1500 2340 Siebelis.
1518 2302 1566 2338 ad
1574 2301 1672 2339 Pau-

1013 2372 1090 2396 san.
1120 2359 1160 2406 Ι,
1190 2358 1217 2400 4
1255 2357 1293 2409 §.
1313 2360 1358 2406 3,
1396 2359 1459 2408 qui
1486 2357 1670 2397 Herodoti

1011 2415 1214 2454 orationem
1239 2415 1398 2452 imitatus
1427 2418 1495 2453 est.

1182 2498 1294 2550 Cap.
1325 2497 1511 2537 CLXVII.

1068 2597 1148 2621 των
1178 2580 1221 2622 δὲ
1253 2581 1576 2635 διαφθαρεισέων
1605 2598 1671 2625 νε-

1015 2653 1073 2678 ων
1100 2635 1194 2686 τούς
1221 2635 1391 2691 ἄνδρας,
1425 2639 1469 2678 οἵ
1494 2655 1536 2679 τε
1557 2643 1671 2692 Καρ-

1013 2690 1195 2745 χηδόνιοι
1214 2710 1249 2733 κ.
1267 2710 1301 2733 τ.
1322 2694 1377 2744 λ.]
1405 2695 1546 2734 Locum
1559 2698 1671 2735 modo

1013 2752 1229 2788 mendosum
1248 2757 1540 2817 suspectumque?
1558 2755 1670 2791 modo

1013 2806 1223 2844 lacunosum
1248 2807 1452 2845 habuerunt
1472 2810 1538 2846 viri
1559 2810 1669 2847 docti.

1015 2862 1156 2906 Quibus
1183 2863 1295 2900 multo
1325 2864 1453 2901 melius
1483 2865 1672 2915 Schweig-

1013 2918 1232 2968 haeuserus,
1271 2914 1404 2960 αὐτων
1433 2921 1481 2960 ad
1505 2921 1671 2961 Phocae-
