1786 3324
12 1170 79 1215 90
136 1157 182 1198 δὲ
212 1155 288 1199 τὸν
320 1152 569 1210 ὁμότεχνον.

520 247 943 290 EUTERPE.
996 247 1043 285 ΙΙ,

1320 248 1403 287 681

141 364 413 421 ταριχεύουσι
451 360 528 410 τὰς
566 357 868 415 ἑβδομήκοντα
911 354 1097 413 ἡμέρας,
1146 355 1221 399 καὶ
1258 354 1404 398 ἔπειτα

15 444 82 489 89
141 443 218 488 ἀπ’
259 437 321 486 οἷν
367 441 534 483 ἔδωκαν
581 436 891 492 ἀποφέρεσθαι.

135 528 222 568 τῶν
250 518 495 572 ἐπιφανέων
525 515 720 572 ἀνδρῶν,
751 517 879 560 ἐπεὰν
903 513 1209 570 τελευτήσωσι,
1238 512 1292 556 οὐ
1315 529 1399 557 πα-

967 435 1056 487 Τοὶς
1105 435 1149 478 δὲ
1191 438 1403 490 γυναῖκας

137 601 319 658 ραυτίκα
349 599 520 641 διδοῦσι
559 595 819 652 ταριχεύειν,
865 594 967 639 οὐδὲ
1002 593 1103 637 ὅσαι
1134 592 1189 635 ἂν
1220 587 1300 636 ὦσι
1331 592 1404 636 εὖ-

136 679 266 729 ειδέες
300 676 439 731 κάρτα
487 677 560 719 καὶ
597 675 732 731 λόγου
781 679 967 725 πλεῦνος
1018 678 1240 729 γυναῖκες·

1304 671 1461 716 ἀλλ’75

133 759 261 803 ἐπεὰν
289 761 478 812 τριταῖαι
507 755 534 812 ἢ
564 760 808 810 τεταρταῖαι
836 755 1067 810 γένωνται,
1113 752 1228 796 οὕτω
1258 767 1404 807 παρα-

107 845 130 879 2
140 840 314 882 διδοῦσι
343 841 454 879 τοῖσι
483 834 773 890 ταριχεύουσι.

831 838 961 877 τοῦτο
1001 833 1047 877 δὲ
1081 833 1281 876 ποιέουσι
1319 831 1400 875 οὕ-

134 933 193 960 τω
231 918 361 960 τοῦδε
399 917 584 967 εἵνεκεν,
627 917 700 957 ἵνα
747 912 805 971 μή
845 925 924 969 σφι
971 914 1016 956 οἱ
1051 912 1297 968 ταριχευταὶ
1336 914 1406 967 μί-

106 1003 326 1052 3σγωνται
355 999 454 1052 τῇσι
490 994 674 1050 γυναιξί.

136 1074 404 1131 μισγόμενον
449 1077 591 1130 νεκρῷ
629 1072 870 1131 προσφάτῳ
911 1070 1145 1127 γυναικός·

617 1150 694 1204 Ὃς
725 1150 770 1196 ὅ,

79 1330 475 1379 (Tamarindenmark)
512 1333 576 1366 aut
600 1328 736 1366 cassiae

80 1388 147 1424 sibi
187 1388 365 1425 invenisse
400 1387 566 1437 putabat.
626 1385 735 1422 Conf.

80 1444 174 1482 insra
196 1444 252 1492 ΙΙ,
278 1443 358 1485 125
382 1444 470 1492 ibiq.
489 1447 566 1480 not.

241 1529 347 1579 Cap.
377 1525 587 1565 LXXXIX.

137 1612 206 1652 ἵνα
236 1608 289 1664 μή
335 1623 407 1661 σφι
439 1610 481 1650 οἵ
518 1607 740 1663 ταριχευταὶ

83 1669 320 1722 μίσγωνται]
378 1669 484 1705 Haec
525 1669 556 1704 si
591 1672 739 1718 reputes

82 1726 291 1776 turpissima
329 1725 612 1761 taricheatarum
652 1724 741 1760 saci-

83 1795 174 1820 nora
194 1811 204 1830 ‚
243 1783 300 1818 vix
331 1781 591 1818 honoratorum
623 1780 742 1816 homi-

83 1852 169 1876 num
190 1839 310 1875 ordini
323 1851 385 1875 eos
397 1837 593 1883 adscribas,
614 1849 742 1885 quam-

83 1896 135 1933 vis
155 1895 340 1933 Diodorus
360 1894 394 1940 I,
407 1896 458 1934 91
480 1907 542 1931 eos
562 1893 659 1929 omni
675 1893 742 1929 ho-

83 1965 172 1989 nore
194 1951 364 1999 cultuque
384 1951 554 1999 dignatos
576 1954 611 1986 et
623 1963 741 1987 sacer-

83 2008 229 2046 dotibus
260 2007 455 2044 familiares
494 2007 638 2056 prodat.
697 2006 741 2042 In

83 2065 204 2102 omnia
225 2064 294 2101 alia
314 2064 388 2101 abit
400 2062 739 2100 Pseudo-Manetho

83 2121 155 2169 VI,
183 2121 265 2162 459
290 2133 392 2169 seqq.
424 2120 594 2157 miserum
622 2119 738 2156 homi-

83 2190 170 2215 num
194 2190 311 2226 genus
331 2176 538 2214 describens
559 2176 740 2213 taricheu-

84 2238 155 2272 tas.
202 2235 307 2278 Quae
333 2237 371 2269 ut
389 2232 624 2270 concilientur
644 2233 741 2270 inter

86 2304 125 2328 se
137 2320 147 2337 ,
177 2289 264 2327 illud
282 2290 481 2327 tenendum
493 2317 504 2335 ‚
522 2290 636 2326 videri
652 2289 740 2326 istos

88 2347 286 2397 adscriptos
298 2347 412 2383 fuisse
427 2345 661 2395 pastophoris,
678 2346 741 2395 qui

86 2403 155 2440 fuit
199 2403 342 2439 infimus
375 2404 606 2440 sacerdotum
637 2404 740 2440 ordo.

89 2459 197 2496 Conf.
208 2459 377 2497 Creuzer.
391 2463 600 2497 commentt.
624 2473 662 2510 p.
677 2461 740 2500 13.

88 2515 148 2553 De
167 2528 313 2553 munere
342 2516 619 2553 taricheatarum
650 2517 742 2552 dixi-

89 2585 169 2608 mus
192 2572 238 2608 ad
257 2572 289 2608 11
302 2601 312 2619 ,
331 2571 395 2613 85.
452 2571 562 2610 Nunc
580 2573 677 2609 addo
698 2585 743 2611 ex

90 2626 244 2665 Diodori
265 2627 287 2665 l.
306 2627 343 2675 l.,
363 2633 509 2678 praeter
525 2629 741 2666 taricheutas

91 2684 130 2720 in
168 2683 237 2720 hoe
272 2685 422 2733 negotio
466 2686 741 2723 commemorari

93 2752 240 2788 quoque
262 2741 409 2777 scribam
435 2745 474 2778 et
485 2742 740 2791 paraschz'sten.

94 2795 171 2843 „In
189 2808 327 2845 papyro
348 2797 490 2834 Graeco
515 2799 564 2834 ad
591 2798 742 2836 Thebas

96 2850 296 2902 Aegyptias
339 2853 545 2903 pertinente
563 2882 575 2901 ‚
634 2867 744 2904 quem

98 2919 214 2959 nuper
230 2921 251 2946 e
264 2907 385 2947 Musei
409 2908 646 2949 Taurinensis
664 2911 746 2950 the·

732 997 991 1049 λαμφθῆναι
1029 991 1113 1048 γάρ
1156 989 1255 1035 τινά
1298 1001 1407 1047 φασι

1207 1076 1408 1114 κατεΐπαι

805 1150 859 1195 ἂν
895 1150 924 1208 ἢ
953 1150 1100 1195 αὐτῶν
1130 1151 1399 1207 Αἰγυπτίων,
1414 1158 1457 1191 80

1460 431 1609 459 Mulieres
1635 432 1738 459 eximi-

1460 465 1671 499 ae‚‹lefunntae
1681 475 1739 493 non

1457 499 1558 559 {tatim
1599 499 1739 526 condiun-

1474 541 1518 560 ur.

1462 1152 1504 1180 Ab
1523 1151 1674 1179 crocodilo
1693 1159 1742 1178 ra-

1458 1190 1742 1226 ptus‚aut1nersus

1461 1207 1553 1247 fluvio
1572 1240 1582 1255 ‚

1624 1227 1744 1248 sucrum

1459 1254 1562 1282 funus.

806 1327 921 1364 sauris
944 1327 1036 1364 eruit
1058 1330 1168 1375 atque
1184 1326 1223 1364 in
1242 1325 1359 1364 lucem
1379 1337 1467 1376 pro-

804 1384 887 1421 tulit
906 1384 1051 1433 Peyron
1071 1383 1127 1431 (T
1130 1384 1246 1420 aurini
1265 1383 1394 1430 1826)
1414 1382 1468 1420 le-

806 1444 941 1490 guntur
970 1440 1077 1477 haec:
1125 1439 1166 1478 οἱ
1197 1455 1266 1486 τας
1295 1442 1467 1488 λειτουρ-

805 1498 894 1550 γίας
915 1496 958 1536 ἐν
987 1500 1073 1542 ταῖς
1103 1497 1280 1548 νεκρίαις
1304 1492 1467 1560 παρεχό-

807 1569 944 1605 μενοι,
975 1549 1218 1604 καλούμενοι
1247 1550 1290 1592 δὲ
1311 1546 1467 1602 Χολχυ-

807 1625 883 1649 ται.
942 1610 1054 1647 Unde
1082 1614 1255 1656 constat,
1300 1609 1465 1647 homines

808 1669 969 1705 fortasse
990 1668 1198 1704 sacerdotes
1209 1667 1388 1704 inferioris
1406 1679 1467 1702 or-

809 1725 903 1761 dinis
923 1753 933 1771 ,
972 1724 1033 1772 qui
1059 1724 1096 1759 in
1124 1723 1379 1774 necropolibus
1410 1735 1467 1769 ea,

809 1793 904 1830 quae
929 1781 978 1816 ad
1003 1784 1164 1817 mortuos
1191 1781 1375 1825 facerent,
1407 1792 1470 1816 cu-

808 1841 955 1882 rarent,
996 1837 1112 1874 dictos
1137 1849 1215 1873 esse
1243 1835 1468 1886 Cleolchytas.

810 1894 977 1937 Quorum
995 1894 1143 1929 omnino
1165 1893 1290 1930 crebra
1307 1893 1347 1929 fit
1364 1905 1469 1930 men-

808 1951 858 1987 tio
880 1951 915 1986 in
929 1950 1077 2000 papyris
1099 1949 1332 1987 Thebaicis.“
1362 1949 1468 1986 Haec

811 2006 879 2044 Cr.
891 2036 904 2053 ‚
934 2007 1142 2055 quibuscum
1165 2007 1258 2043 conf.
1279 2006 1467 2043 Letronne

803 2063 923 2113 journ.
945 2063 979 2099 d.
1000 2075 1073 2099 sav.
1096 2064 1204 2103 1828
1229 2076 1264 2112 p.
1286 2065 1366 2103 102
1387 2075 1464 2111 seq.

807 2142 864 2148 --
891 2120 963 2156 Pro
987 2118 1135 2158 εἵνεκεν
1154 2119 1191 2155 in
1212 2119 1376 2169 proxime
1400 2131 1468 2154 an-

808 2177 1062 2214 tecedentibus
1097 2176 1181 2213 dedi
1213 2175 1346 2214 εἴνεκα
1384 2187 1466 2213 cum

809 2233 1012 2281 Schweigh.
1033 2237 1069 2271 et
1088 2232 1312 2269 Gaisfordio.

864 2293 1049 2328 κατεῖπαι
1068 2286 1111 2328 δὲ
1136 2285 1206 2328 τόν
1229 2284 1463 2339 ὁμότεχνον]

808 2345 910 2384 Male
943 2346 1027 2383 olim
1057 2349 1272 2385 κατειπεῖν.
1335 2346 1468 2382 Verum

810 2416 853 2441 ex
875 2404 982 2441 codd.
1003 2403 1239 2441 restituerunt
1262 2401 1467 2450 Schweigh.

809 2464 920 2509 atque
943 2460 1058 2497 Gaisf.
1117 2459 1177 2496 Tu
1205 2459 1277 2495 vid.
1307 2462 1400 2495 nott.
1420 2458 1469 2495 ad

809 2516 850 2563 Ῑ,
870 2517 936 2557 49.
995 2516 1054 2554 De
1082 2515 1346 2565 significatione
1368 2513 1470 2552 verbi

811 2573 984 2623 (deferre,
1026 2572 1210 2621 indicare)
1263 2572 1386 2609 monui
1421 2571 1471 2608 ad

811 2630 995 2667 Plutarch.
1019 2629 1149 2680 Pyrrh.
1177 2641 1263 2680 pag.
1289 2627 1384 2670 155.

1024 2714 1090 2751 Ca
1099 2727 1136 2765 p.
1167 2713 1249 2751 XC.

867 2794 910 2845 ὃς
945 2793 986 2838 δ’
1026 2793 1078 2837 ἂν
1110 2794 1140 2849 ἢ
1177 2792 1310 2836 αὐτῶν
1341 2795 1471 2849 Αἰγυ-

812 2854 941 2894 πτίων
965 2870 1000 2894 κ.
1025 2869 1058 2894 τ.
1079 2853 1135 2905 λ.]
1173 2853 1313 2903 Attigit
1341 2854 1471 2891 eadem

812 2911 958 2964 Ioseph.
996 2915 1126 2951 contra
1173 2910 1305 2962 Apion.
1346 2909 1379 2947 II
1395 2938 1407 2958 ‚
1442 2910 1471 2950 7
