1814 3315
642 231 853 269 CLIO.
912 231 939 268 I.

1341 235 1423 274 201

166 349 220 401 τῇ
246 344 358 400 Ἀσίῃ
389 340 488 385 οὔτε
518 338 844 394 ἀνδρειότερον,
877 338 978 383 οὕτε
1012 338 1314 397 ἀλκιμώτερον
1342 346 1424 385 τοῦ

164 424 344 467 Λυδίου.
395 419 423 476 ἦ
455 419 500 464 δὲ
529 419 643 476 μάχη
674 420 822 473 σφέων
850 415 907 476 ἧν
934 417 1004 463 ἄπ’
1035 421 1197 473 ἵππων,
1229 420 1426 477 δούρατά

164 518 209 545 τε
236 499 424 557 ἐφόρεον
451 497 635 555 μεγάλα,
674 499 745 542 καὶ
777 497 902 542 αὐτοὶ
933 495 1046 554 ἦσαν
1076 498 1337 544 ἱππεύεσθαι
1367 498 1421 544 0}—
1435 507 1482 541 30

41 578 107 625 80
163 580 306 636 γαθοί.
362 577 426 629 Ἐς
456 577 505 621 τό
534 580 686 621 πεδίον
715 578 760 622 δὲ
793 578 1099 621 συνελθόντων
1116 581 1248 622 τοῦτο
1267 578 1316 623 τὸ
1335 580 1421 635 πρό

159 661 242 701 τοῦ
270 655 421 709 ἄστεός
457 657 547 702 ἐστι
575 662 656 701 τοῦ
686 659 968 713 Σαρδιηνοῦ,
1015 656 1089 700 ἐὸν
1124 657 1233 712 μέγα
1271 674 1316 701 τε
1345 659 1420 702 καὶ

159 734 313 789 ψιλὸν,
352 736 452 792 (διὰ
490 737 537 781 δὲ
577 737 718 782 αὐτοῦ
755 737 939 793 ποταμοὶ
977 735 1150 793 ῥέοντες
1188 737 1263 780 καὶ
1293 735 1418 782 ἄλλοι

159 908 190 962 ’ἦ
214 908 257 950 δὲ
292 906 397 963 μάχη
443 911 579 962 σφέων
606 907 661 965 ἦν
694 909 759 953 ἄττ’

105 966 263 1020 ἵππων]
296 964 364 1007 ἀπ’
374 968 507 1007 ἵππων
525 971 647 1020 plures
659 971 758 1020 iique

104 1023 286 1062 meliores.
322 1024 393 1062 Alii
414 1021 485 1075 εἶφ’
506 1026 651 1066 ἵππων.
679 1027 758 1066 Lo-

105 1081 249 1119 cutione
279 1081 361 1131 ipsa
383 1095 543 1132 pugnam
571 1088 757 1133 equestrem

106 1138 256 1174 indicari
278 1139 348 1175 iam
372 1139 467 1177 bene
488 1141 627 1177 monuit
647 1141 757 1178 Wes-

106 1194 280 1242 selingius
293 1223 304 1242 ,
333 1195 395 1244 qui
413 1196 460 1234 de
475 1195 663 1245 Lydorum
681 1202 759 1234 arte

107 1251 292 1300 equitandi
323 1256 509 1301 comparat
548 1253 758 1289 Philostrati

106 1306 229 1344 Iconn.
254 1307 292 1354 I,
314 1310 365 1349 17
393 1321 481 1358 pag.
501 1310 583 1349 788
614 1313 649 1347 et
676 1309 758 1345 Ho-

105 1376 194 1401 mer.
215 1362 255 1400 ΙΙ.
273 1363 322 1412 Χ,
344 1366 438 1405 431.
491 1365 590 1408 Quin
609 1366 646 1402 in
667 1365 758 1414 ipsis

104 1419 320 1469 anaglyphis
331 1420 487 1467 Persicis
508 1421 757 1470 videnturLy-

105 1476 142 1512 di
168 1477 430 1525 repraesentati
447 1491 527 1514 cum
546 1478 650 1527 equis
663 1491 756 1527 quos

104 1532 227 1568 tributi
246 1532 327 1570 loco
346 1534 425 1582 regi
444 1534 613 1571 offerunt.
672 1534 755 1572 Vid.

106 1588 322 1627 Grotefend.
343 1590 381 1626 in
395 1590 575 1640 Bottiger.
596 1590 754 1629 Amalth.

105 1644 141 1682 II
169 1658 205 1694 p.
232 1648 298 1686 98.
355 1646 452 1683 Hinc
484 1660 559 1684 non
591 1648 757 1697 improbo

107 1701 208 1750 quod
220 1700 397 1741 Matthiae
413 1703 539 1740 vertit:
560 1717 606 1741 zu
627 1703 758 1754 Pferde

108 1757 276 1807 (proprie
304 1770 371 1795 von
414 1759 479 1796 den
506 1759 664 1809 Pserclen
690 1774 757 1797 aus

108 1813 198 1850 oder
208 1813 331 1862 herab)
342 1817 494 1852 strez‘ten.
525 1817 606 1855 vid.
623 1815 659 1868 ἓ.
674 1816 726 1858 57
731 1821 756 1859 2

106 1881 192 1920 pag.
214 1872 334 1912 1128.
364 1893 420 1900 —-
446 1872 489 1909 In
512 1885 615 1923 seqq.
641 1867 756 1924 ἦσαν

107 1939 128 1964 e
147 1925 246 1963 libris
255 1926 417 1976 plurimis
436 1929 611 1966 dedimus.
637 1930 756 1979 Vulgo

110 1980 221 2021 ἔσαν.
251 1982 402 2033 Spectat
419 1985 489 2022 huc
511 1986 636 2023 forsan
657 1986 757 2035 glos-

108 2050 150 2075 sa
179 2038 217 2076 in
251 2038 413 2078 Bekkeri
444 2040 608 2079 Anecdd.
651 2043 717 2080 Gr.
740 2042 759 2079 I

107 2107 194 2145 pag·
248 2097 351 2144 100,
413 2097 484 2139 15:
556 2094 760 2139 ἱππεύε-

109 2155 208 2191 σθα
220 2162 254 2190 ι’
285 2156 539 2204 παθητικῶς·
557 2151 761 2208 Ἡρόδοτος

109 2204 267 2263 πρώτῳ.

286 2292 318 2331 c
329 2306 351 2332 a
360 2308 397 2346 p.
425 2294 582 2335 LXXX.

165 2372 229 2416 ἐὸν
241 2374 339 2429 μέγα
359 2394 400 2419 τε
409 2378 478 2420 καὶ
488 2377 627 2430 ψιλόν]
641 2376 764 2431 ψιλὸν

109 2431 132 2469 i.
160 2445 192 2471 e.
220 2435 421 2485 arboribus,
453 2438 590 2488 plantis
615 2451 684 2475 non
712 2441 762 2474 te-

111 2490 226 2538 ctum,
266 2491 424 2530 obsitum.
461 2514 519 2522 —
554 2494 614 2532 De
651 2494 764 2545 Hyllo

112 2544 221 2582 fluvio
271 2549 407 2586 consul.
458 2551 629 2588 Strabon.
674 2550 763 2588 XIII

111 2611 149 2648 P·
181 2604 263 2643 626
299 2618 329 2642 S.
359 2618 445 2655 pag.
474 2609 580 2655 928,
608 2607 663 2655 C,
702 2607 763 2656 qui

117 2653 297 2696 Herodoti
327 2662 572 2700 testimonium
613 2665 764 2713 profert.

112 2707 216 2748 Livio
228 2713 323 2752 idem
341 2718 467 2755 fluvius
485 2720 615 2756 dicitur
626 2717 764 2769 Phryx,

114 2776 221 2814 quem
250 2773 369 2810 tamen
401 2775 447 2811 ab
477 2774 592 2825 Hyllo
633 2776 764 2812 distin-

115 2822 193 2869 guit
222 2823 356 2864 Plinius
386 2829 481 2867 Hist.
512 2832 598 2868 Nat.
628 2831 675 2878 V,
698 2834 764 2873 29·

116 2876 213 2926 Hylli
233 2881 328 2919 fluvii
351 2884 507 2935 piscibus
534 2887 631 2938 pleni
662 2900 765 2926 men-

1480 620 1531 647 des

1478 691 1526 715 tas
1537 709 1544 719 ,

1477 758 1637 790 opponent]

1481 789 1584 817 dorum
1603 789 1649 815 vir

1478 586 1677 648 Proeliumdad
1688 589 1753 616 Sar-

1476 641 1550 681 5⁴15?
1560 629 1632 688 Cyei'i
1645 630 1695 682 3¹1¹
1695 631 1758 682 ιῑᾱῗέ

1572 688 1702 715 hostium
1728 698 1759 715 e-

1477 722 1609 756 quitatui
1629 722 1759 761 camelos

1642 764 1666 782 s.
1699 756 1759 789 Ly-

1653 793 1697 815 tus

1730 792 1761 815 et

1481 823 1518 850 ad
1538 810 1758 850 extremum’fu«

1481 865 1532 892 ga.

826 914 877 950 tio
905 912 947 949 fit
980 912 1082 962 apud
1110 911 1335 960 Homerum,
1376 912 1480 950 Iliad.

826 969 916 1016 XX,
951 969 1054 1016 392,
1083 969 1144 1006 ubi
1175 969 1311 1006 consul.
1344 969 1481 1018 Heynii

826 1027 1034 1063 Observatt.
1055 1025 1162 1062 Tom.
1193 1025 1279 1062 VIII
1306 1038 1392 1076 pag.
1413 1029 1481 1068 92.

827 1082 938 1126 Quod
958 1081 1040 1118 huic
1055 1081 1175 1119 versui
1195 1082 1404 1132 adpositum
1425 1086 1482 1120 est

825 1137 1000 1174 scholium
1013 1165 1023 1184 ,
1054 1138 1091 1174 in
1110 1151 1153 1175 eo
1171 1142 1417 1175 memorantur
1437 1152 1482 1177 ex

825 1194 1017 1232 Herodoto
1036 1207 1112 1241 res,
1144 1206 1236 1243 quas
1267 1195 1303 1230 in
1335 1208 1378 1232 eo
1399 1196 1482 1245 ipso

825 1251 1020 1301 scriptore,
1073 1250 1216 1299 qualem
1245 1263 1341 1286 nunc
1368 1251 1482 1289 habe-

825 1319 926 1353 mus,
967 1307 1102 1343 frustra
1134 1307 1346 1356 quaesieris.
1405 1306 1483 1345 Re-

823 1364 938 1400 fertur
972 1363 1067 1399 enim
1100 1363 1147 1400 de
1174 1362 1364 1412 Iphitionis
1404 1375 1481 1411 ara,

824 1419 1043 1469 lapideaque
1065 1420 1184 1456 statuit
1205 1419 1356 1468 antiquo
1378 1432 1481 1458 more

825 1475 1011 1513 elaborata
1057 1475 1210 1524 aliisque
1258 1476 1305 1513 (le
1355 1476 1481 1523 rebus,

824 1545 978 1581 quarum
995 1531 1053 1569 hic
1070 1532 1168 1569 nulla
1184 1532 1333 1570 mentio.
1353 1553 1409 1560 ——
1421 1532 1482 1570 De

824 1588 977 1636 Hermo,
1007 1589 1045 1625 in
1064 1602 1172 1639 quem
1201 1588 1332 1637 Hyllus
1361 1602 1482 1640 prope

823 1645 1059 1693 Magnesiam
1092 1659 1175 1683 sese
1197 1645 1377 1693 infundit,
1408 1646 1481 1683 vid.

824 1701 858 1749 I,
878 1703 929 1743 55
952 1706 988 1738 et
1005 1701 1174 1739 Strabon.
1198 1701 1220 1738 l.
1235 1701 1279 1749 1.,
1308 1702 1481 1751 quiidem

824 1758 957 1795 montis
985 1759 1077 1795 sacri
1101 1757 1338 1807 Dindymenes
1356 1759 1484 1796 memi-

824 1815 899 1862 nit,
943 1815 1042 1851 unde
1085 1814 1245 1852 Hermus
1279 1815 1482 1865 provenIat.

824 1870 884 1908 De
896 1883 969 1920 quo
989 1874 1114 1908 monte
1124 1871 1273 1921 longum
1295 1874 1352 1909 est
1369 1884 1483 1920 quae-

825 1940 918 1964 rere.
1003 1926 1206 1965 Larcherus
1262 1927 1483 1977 Dindymum

827 1984 940 2022 fuisse
951 1983 1154 2032 suspicatur
1169 1997 1286 2034 prope
1294 1984 1481 2033 Cyzicu'm.

827 2039 949 2077 Mater
983 2039 1219 2091 Dindymene,
1250 2052 1345 2090 quae
1373 2041 1482 2078 etiam

828 2096 1037 2147 simpliciter
1080 2102 1228 2134 vocatur
1266 2096 1483 2147 Dindymene

830 2152 883 2201 (v.
910 2166 940 2190 c.
966 2154 1067 2204 apud
1088 2153 1218 2191 Horat.
1247 2153 1321 2190 Od.
1344 2153 1384 2201 I,
1415 2156 1483 2201 16,

831 2209 891 2257 5),
920 2213 977 2246 est
1007 2209 1170 2259 Cybele,
1206 2214 1322 2247 mater
1348 2210 1484 2257 Deam,

831 2278 927 2315 quae
941 2265 1126 2315 Phrygiae
1145 2267 1183 2303 in
1210 2266 1393 2303 montibus
1421 2279 1485 2304 co-

830 2322 924 2360 litur.
981 2322 1123 2360 Catullo
1153 2322 1301 2370 (LXX,
1323 2323 1397 2371 91)
1428 2325 1486 2360 est

833 2378 913 2417 Dea
930 2378 1119 2430 Dindymi,
1148 2383 1189 2416 ut
1209 2379 1255 2416 ab
1279 2378 1347 2415 hoc
1367 2379 1486 2427 Phry-

832 2435 916 2484 giae
934 2440 1058 2474 monte
1085 2448 1291 2484 cognomen
1312 2438 1485 2485 repeten-

832 2493 918 2529 dum
936 2492 1121 2540 videatur,
1142 2493 1240 2529 cuius
1258 2495 1381 2529 tamen
1391 2490 1485 2528 aliae

830 2561 979 2598 quoque
1001 2549 1161 2586 ratIOnes
1182 2548 1227 2586 ab
1257 2547 1337 2585 aliis
1360 2548 1485 2598 profe-

830 2608 968 2642 runtur.
1025 2605 1102 2642 Sed
1122 2605 1192 2642 hoc
1210 2617 1232 2641 a
1251 2608 1379 2641 nostro
1401 2603 1482 2640 loco

833 2660 1000 2698 alienum.
1047 2661 1204 2707 Videat,
1235 2662 1298 2710 qui
1318 2663 1483 2710 quaerat,

831 2717 932 2754 locos
953 2717 998 2753 ab
1010 2717 1266 2767 interpretibus
1276 2716 1421 2753 Horatii
1431 2715 1482 2752 al-

832 2773 941 2821 latos,
953 2777 989 2811 et
998 2786 1091 2822 quae
1103 2773 1239 2810 dudum
1249 2775 1320 2810 iam
1331 2784 1486 2821 conges-

833 2833 931 2866 serat
960 2829 1144 2878 Gyraldus
1173 2830 1209 2865 in
1239 2832 1368 2879 quarto
1398 2839 1483 2875 syn-

833 2890 944 2935 tagm.
958 2886 1004 2923 de
1016 2886 1083 2923 diis
1103 2889 1216 2934 gentt.
1226 2898 1262 2936 p.
1277 2898 1324 2922 m.
1337 2883 1416 2925 135
1427 2895 1483 2931 sq.
