1759 3324
359 297 444 337 442
769 296 1238 336 HERODOT1

329 405 407 449 8τὸ
436 406 615 462 χρυσίου
639 405 778 450 ἐκέετο
807 405 956 462 νόμος.
1014 407 1111 463 ἐξῆν
1142 407 1188 450 δὲ
1218 407 1291 450 καὶ
1321 406 1363 459 ἐξ
1394 405 1526 462 ἄλλης
1551 404 1643 450 {m

356 483 498 529 θόντα
527 484 674 542 κώμης
701 486 779 529 τόν
809 486 1079 542 βουλόμενον
1110 485 1335 530 ω’νὲεσθαι.
1371 484 1395 529 ὁ
1427 484 1506 540 μέν
1533 501 1618 528 νυν

355 564 581 616 κάλλιστος
609 563 765 619 νόμος,
804 559 933 616 οὗτός
963 577 1042 621 σφι
1071 561 1144 622 ἦν·
1197 564 1251 609 οὐ
1280 566 1426 622 μέντοι
1456 568 1539 608 νῦν
1567 580 1615 620 γε

325 647 561 689 9διετὲλεσε
591 642 686 686 ἐών.
745 641 849 687 ἄλλο
881 645 926 687 δέ
955 661 996 688 τι
1033 643 1287 702 ἐξευρήκασι
1318 644 1473 688 νεωστὶ
1502 642 1617 699 γενέ-

1204 722 1425 738 ‚‚‚‚‚

353 806 424 845 λιν
453 799 665 857 ἄγωνται·
707 803 798 845 ἐπεί
830 818 876 845 τε
904 801 988 858 γὰρ
1018 801 1192 853 ἁλόντες
1224 802 1511 859 ἐκακώθησαν
1542 801 1645 845 καὶ5

357 879 775 936 οἰκοφθορηθησαν,
805 884 890 932 πᾶς
918 897 983 932 τις
1010 885 1091 924 τοῦ
1121 880 1289 937 δήμου,
1328 884 1429 938 βίου
1459 881 1617 925 σπανί-

197 963 298 1007 197
357 963 468 1012 ζων,
515 959 834 1015 καταπορνεύει
868 975 922 1003 τα
965 958 1102 1016 θήλεα
1131 959 1270 1003 τέκνα.
1327 962 1542 1016 Δεύτερος
1571 959 1617 1004 δὲ

23 1027 64 1086 ¹Ille
67 1026 138 1054 xde
164 1034 222 1060 aeg
226 1026 283 1053 ι-οῑί
275 1035 300 1053 is

44 1035 119 1087 ,⁵{·0
105 1069 168 1088 m
162 1069 246 1096 2229„
249 1069 300 1089 en·
357 1039 494 1094 σοφίη
525 1037 599 1082 ὅδε
630 1037 758 1090 α’λλος
798 1051 876 1095 σφι
914 1037 1053 1095 νόιιος
1089 1038 1352 1096 κατεστήκεε.
1404 1039 1509 1091 τούς
1540 1055 1615 1082 κα-

23 1094 80 1123 ⁴¹¹⁵
354 1133 544 1174 μνοντας
582 1117 624 1168 ἐς
661 1116 742 1174 τὴν
782 1116 947 1175 ἀγορὴν
996 1118 1399 1175 ἐκφορέουσι·οὗ
1437 1117 1522 1176 γὰρ
1562 1117 1615 1175 δή

325 1197 565 1254 Ξχρέωνται
593 1198 788 1254 ἰητροῖσι.
817 1197 1074 1255 προσιόντες
1104 1201 1167 1243 ὠν
1194 1197 1304 1256 πρὸς
1330 1199 1408 1243 τὸν
1426 1198 1614 1255 κάμνον·
1627 1206 1672 1240 10

1075 1427 1366 1482 καταπορνεύει
1387 1427 1435 1470 ‘toi
1463 1425 1595 1482 θήλεα
1613 1426 1668 1468 τέ-

296 1490 333 1524 et
359 1485 609 1533 Gaisfordius3
639 1487 766 1536 quibus
785 1487 951 1525 lubenter
1018 1486 1120 1538 κνα]
1168 1488 1269 1525 Idem
1295 1487 1510 1525 vocabulum
1541 1487 1671 1524 eadem

295 1433 539 1480 reposuerunt
587 1429 948 1480 Schweighaeuserus

295 1542 628 1592 obtemperassem,
650 1544 760 1580 modo
782 1557 876 1594 quae
893 1543 948 1580 his

294 1599 342 1636 sit
361 1599 413 1635 vis
434 1599 631 1649 particulae
649 1595 720 1647 ἂν,
741 1600 947 1649 intelligere

291 1667 452 1706 possem.
511 1655 635 1699 Quare
673 1657 760 1693 dedi
799 1652 946 1708 α’πάγε-

294 1715 413 1759 σθαι,
446 1713 547 1760 quod
576 1712 672 1750 idem
695 1713 867 1750 intactum
890 1727 948 1751 re-

291 1767 397 1816 liquit
432 1766 621 1806 Matthiae.
659 1789 715 1797 —
752 1769 812 1807 De
844 1765 948 1809 οὕτω

293 1823 504 1872 eleganter,
542 1825 741 1876 participiis
766 1826 825 1864 vel
859 1827 947 1877 ipsis

290 1880 454 1931 periodis
480 1882 727 1931 praegressis,
763 1883 949 1934 postposi-

291 1942 332 1974 to
349 1936 500 1974 laudant
526 1937 564 1986 Ι,
595 1937 661 1979 94.
690 1938 745 1985 II,
772 1942 837 1980 92.
869 1942 948 1980 100

293 1997 362 2030 etc.
398 1993 542 2040 „Plura
573 1993 623 2030 W
624 1995 872 2042 yttenbachius
901 1996 950 2032 ad

291 2048 437 2086 Platon.
472 2049 660 2087 Phaedon.
691 2064 728 2101 p.
762 2053 842 2092 164
870 2065 947 2101 seq.

292 2104 487 2142 Heindorf.
506 2106 555 2142 ad
573 2106 689 2155 Gorg.
712 2120 749 2157 p.
769 2109 849 2148 209
867 2121 945 2157 seq.

293 2160 444 2208 Taylor.
463 2162 511 2198 ad
528 2161 766 2200 Demosthen.
791 2163 944 2202 Midian.

291 2229 330 2268 p.
350 2219 432 2258 628
448 2217 603 2255 Reisk.“
633 2218 663 2255 C
670 2231 698 2255 r.

351 2269 445 2311 ἄλλο
465 2271 507 2311 δέ
528 2288 565 2312 τι
586 2269 819 2327 ἐξευρήκασι
838 2290 943 2315 νεω-

293 2327 355 2368 στὶ
373 2327 586 2381 γενέσθαι]
617 2331 639 2368 i.
659 2345 690 2369 e.
720 2331 822 2369 aliud
841 2332 945 2382 quid-

292 2385 376 2422 dam
412 2387 682 2435 excogitarunt,
722 2389 823 2437 quod
848 2402 944 2426 nunc

292 2442 331 2478 in
351 2455 417 2478 usu
437 2447 517 2490 est,
547 2456 594 2480 ne
611 2443 677 2481 illis
698 2444 866 2494 (puellis)
888 2446 945 2481 in-

291 2499 421 2535 iuriam
441 2499 616 2537 inferrent
635 2513 727 2538 neve
748 2501 840 2539 istae
856 2502 942 2539 alias

291 2555 329 2590 in
362 2555 469 2592 urbes
509 2556 784 2595 abducerentur.
851 2558 944 2605 „Ad

291 2611 403 2648 verba
427 2608 661 2663 ἐξευρήκασι
679 2635 735 2641 --
757 2612 945 2665 γενέσθαι

291 2666 390 2703 haud
414 2668 492 2706 sine
509 2670 625 2706 fructu
645 2670 833 2708 adhibebis
848 2670 945 2709 Mat-

292 2723 390 2760 thiae
420 2725 486 2762 Gr.
515 2725 581 2762 Gr.
620 2739 708 2777 pag.
742 2728 860 2768 1051.
889 2749 946 2756 -—-

293 2778 337 2816 In
365 2792 492 2830 seqq.:
522 2780 590 2820 ἵνα
618 2779 671 2833 μή
704 2778 945 2823 α’ὃικοῖεν

293 2855 351 2864 ·-
369 2833 464 2887 μήδ’
491 2859 538 2864 -
560 2834 784 2890 ἄγωνται
815 2842 945 2879 eodem

295 2893 406 2929 modo
429 2892 603 2931 Nostrum
623 2895 820 2934 variantem
844 2899 945 2938 inve-

295 2948 435 2998 nimus,
467 2963 539 3001 quo
563 2964 674 3003 supra
692 2952 733 3002 I,
756 2953 848 2996 185.

1017 1544 1055 1580 in
1076 1557 1115 1581 re
1137 1545 1184 1581 de
1204 1544 1318 1592 Lydis
1340 1543 1367 1591 Ι,
1392 1545 1446 1586 94
1468 1544 1543 1580 init.
1574 1544 1671 1580 Cae‘

1017 1604 1134 1637 terum
1154 1601 1316 1648 Heynius
1346 1600 1369 1637 l.
1387 1601 1409 1638 l.
1441 1614 1478 1651 p.
1495 1601 1549 1641 35
1581 1612 1669 1636 con-

1012 1657 1151 1704 tendit,
1180 1656 1371 1705 Babylonii
1399 1670 1479 1694 cum
1505 1659 1669 1704 egestate

1013 1714 1238 1765 potissimum
1287 1713 1406 1750 adacti
1448 1713 1583 1750 fuerint
1621 1712 1670 1748 ad

1014 1783 1164 1821 pravum
1183 1770 1319 1807 huncce
1347 1782 1485 1807 morem
1515 1768 1670 1817 vulgan-

1017 1827 1146 1863 dorum
1162 1826 1360 1876 puellarum
1372 1839 1577 1877 corporum,
1593 1837 1668 1861 non

1015 1896 1243 1920 communem
1275 1882 1433 1919 omnium
1453 1882 1668 1920 feminarum

1015 1952 1155 1977 morem
1169 1940 1302 1985 fuisse,
1331 1940 1397 1976 sed
1417 1943 1556 1975 tantum
1574 1950 1668 1987 pau-

1015 2009 1141 2046 perem
1163 2000 1201 2033 et
1221 1995 1457 2041 deformium3
1485 1994 1585 2031 haud
1603 1994 1668 2031 ali-

1016 2056 1072 2089 ter
1108 2055 1218 2100 atque
1261 2052 1359 2101 apud
1398 2051 1549 2100 Lydos,
1591 2051 1668 2098 ubi,

1017 2120 1112 2157 quae
1138 2107 1275 2145 Noster
1309 2112 1434 2145 narrat
1468 2107 1505 2155 I,
1536 2109 1590 2148 93
1620 2107 1668 2144 de

1014 2164 1216 2201 hominibus
1246 2176 1289 2201 ex
1315 2164 1424 2215 plebe
1455 2164 1581 2215 egenis
1611 2164 1669 2201 in-

1014 2220 1213 2271 telligenda
1232 2221 1315 2259 sint.

1180 2360 1212 2398 c
1226 2373 1294 2413 ap.
1325 2360 1510 2400 cxcvii.

1067 2441 1162 2492 τούς
1180 2441 1407 2496 κάμνοντας
1426 2444 1466 2492 ἔς
1486 2442 1561 2497 τὴν
1575 2439 1665 2496 α’γο-

1013 2498 1090 2553 ρὴν
1110 2501 1370 2554 ἐκφορέουσι]
1401 2503 1543 2540 Eadem
1564 2502 1668 2539 Stra-

1012 2560 1061 2596 bo
1083 2559 1169 2596 XVI
1190 2572 1276 2610 pag.
1301 2561 1410 2600 1082
1436 2572 1465 2596 S.
1484 2571 1570 2608 pag.
1583 2557 1667 2599 746

1014 2616 1100 2652 Cas.
1133 2615 1212 2652 coll.
1259 2615 1440 2652 Plutarch.
1470 2614 1602 2652 Moral.
1632 2613 1667 2651 Π

1013 2684 1100 2723 pag.
1134 2674 1264 2719 1128,
1296 2671 1339 2708 E.
1397 2671 1454 2708 Ex
1480 2672 1579 2709 hisce
1601 2683 1667 2707 au-

1013 2733 1088 2766 tem
1119 2729 1223 2764 rudia
1258 2728 1344 2764 artis
1382 2729 1548 2766 medicae
1587 2726 1666 2777 pri-

1012 2784 1155 2822 mordia
1181 2784 1279 2822 haud
1297 2785 1403 2834 pauci
1420 2785 1536 2835 repeti
1554 2795 1666 2834 posse

1013 2841 1240 2887 existimant,
1271 2853 1362 2889 quos
1380 2841 1491 2877 citant
1506 2838 1666 2877 Almelo-

1011 2910 1115 2936 veen.
1138 2897 1185 2934 ad
1207 2897 1379 2934 Strabon.
1398 2895 1421 2933 l.
1441 2896 1465 2934 l.
1486 2901 1523 2935 et
1538 2895 1664 2934 Davis.

1012 2955 1062 2993 ad
1073 2952 1221 2993 Maxim.
1232 2953 1323 3004 Tyr.
1333 2953 1432 2992 Diss.
1444 2953 1516 2992 XII
1521 2966 1558 3005 p.
1568 2951 1662 2995 540.
