1777 3324
366 257 450 297 884
764 256 1232 295 HERODOTI

365 366 437 410 καὶ
471 366 676 420 Φώκαια,
707 367 780 410 καὶ
812 367 1107 423 Κλαζομεναί·
1140 365 1354 420 Δωριέων
1373 365 1439 418 δὲ,
1463 365 1684 419 Ῥόδος,40

365 445 438 489 καὶ
468 447 652 498 Κνίδος,
683 447 756 489 καὶ
783 444 1139 503 Ἁλικαρνησσὸς,
1170 445 1241 488 καὶ
1277 443 1490 501 Φάσηλις·
1521 446 1628 488 Αἰο-

336 525 479 568 3λέων
510 526 576 577 δὲ,
615 523 642 581 ἡ
673 527 987 580 Μυτιληναίων
1024 525 1178 580 μούνη.
1234 523 1402 567 τούτων
1431 524 1510 579 μέν
1540 523 1630 567 ἐστι

362 608 492 648 τοῦτο
523 605 572 648 τὸ
602 604 799 659 τέμενος,
831 604 904 646 καὶ
934 604 1181 656 προστάτας
1204 607 1284 647 τοῦ
1310 604 1522 657 ἐμπορίου
1546 597 1628 646 αὗ-

336 688 440 727 4ται
470 684 516 726 αἱ
541 682 667 732 πόλις
697 682 777 724 εἰσὶ
809 682 854 723 αἱ
881 683 1159 737 παρέχουσαι.
1192 681 1294 725 ὅσαι
1323 683 1368 725 δὲ
1403 682 1528 726 ἄλλαι
1545 680 1627 725 πό-

364 767 430 813 λις
449 764 802 817 μεταποιεῦνται,
835 759 964 803 οὐδέν
994 772 1072 815 σφι
1103 760 1253 815 μετεόν
1282 766 1628 816 μεταποιεῦνται.
1640 764 1684 801 45

363 841 492 896 χωρὶς
522 839 587 890 δὲ,
627 841 853 893 Αἰγινῆται
883 835 945 880 ἐπ’
982 838 1159 882 ἑωυτῶν
1190 838 1426 893 ἱδρύσαντο
1456 840 1629 895 τέμενος

365 917 497 968 Διός·
529 918 601 961 καὶ
622 916 725 960 ἄλλο
747 916 930 972 Σάμιοι,
950 916 1104 973 ’Ἠρης·
1136 918 1209 961 καὶ
1229 916 1452 973 Μιλήσιοι,
1477 917 1629 962 Ἀπόλ-

209 1009 308 1054 179
365 1003 516 1049 λωνος.
566 991 649 1039 ῒΗν
679 995 724 1039 δὲ
754 995 802 1039 τό
831 995 1018 1039 παλαιόν
1047 997 1191 1054 μούνη
1219 996 1524 1053 ἡΝαύκρατις
1553 997 1628 1052 ἔμ-

33 1075 106 1102 Sola
148 1074 310 1102 Naucratis

33 1110 197 1143 emporium
231 1108 308 1134 anti-

34 1144 134 1204 qutus
152 1143 183 1170 in
208 1143 305 1176 Aegy-

33 1186 51 1213 p
87 1196 95 1205 .

365 1076 548 1132 πόριον,
579 1076 652 1119 καὶ
687 1073 792 1119 ἄλλο
826 1074 955 1119 οὐδὲν
984 1074 1224 1132 Αἰγύπτου.
1259 1079 1295 1121 εἰ
1326 1078 1372 1122 δέ
1401 1094 1464 1128 τις
1480 1076 1523 1128 ἐς
1541 1082 1684 1119 τῶν5ο

362 1173 404 1200 τι
433 1154 537 1199 ἄλλο
570 1155 798 1212 στομάτων
826 1160 907 1199 τοῦ
938 1158 1105 1201 Νείλου
1138 1155 1364 1209 ἀπίκοιτο,
1394 1160 1501 1213 χρῆν
1518 1153 1626 1212 ὀμό-

335 1244 442 1279 Ξσαι
472 1234 562 1292 »μὴ
594 1235 672 1291 μὲν
703 1233 858 1277 ἑκόντα
889 1235 1092 1279 ἐλθεῖν·“
1152 1235 1438 1292 ἀπομόσαντα
1467 1235 1535 1287 δὲ,
1575 1238 1628 1291 τῇ

363 1317 439 1372 νηῒ
467 1314 578 1372 αὐτῇ
614 1313 757 1358 πλέειν
787 1314 830 1365 ἐς
858 1314 907 1358 τό
939 1315 1224 1372 Κανωβικόν·
1266 1315 1294 1372 ἢ
1323 1316 1360 1359 εἰ
1388 1314 1446 1372 μή
1475 1329 1525 1370 γε
1555 1310 1627 1357 οἶά

309 1507 381 1540 tur.
438 1501 521 1537 vid.
542 1499 764 1537 Larcherum
793 1504 878 1537 tom.
899 1500 964 1538 Vll
1033 1502 1142 1539 etiam
1159 1500 1299 1550 reliqua
1320 1500 1526 1548 debemus),
1544 1500 1684 1537 itidem-

310 1572 397 1610 pag.
423 1558 516 1600 674.

366 1613 435 1654 καὶ
468 1610 667 1664 Φάσηλις]
699 1613 797 1650 Urbs
826 1613 863 1649 in
887 1612 964 1661 Ly-

310 1672 387 1709 ciae
423 1675 534 1720 atque
580 1670 815 1720 Pamphyliae
850 1670 963 1707 confi-

310 1729 378 1766 niis
405 1728 500 1774 sita,
539 1727 689 1764 Graecis
718 1727 867 1763 urbibus
896 1740 962 1776 per

310 1785 460 1835 Lyciam
490 1784 663 1834 dispersis
701 1782 810 1831 vulgo
846 1784 964 1820 adnu-

310 1845 468 1888 merata,
509 1841 655 1889 suisque
683 1839 823 1887 legibus
851 1844 962 1888 atque

310 1898 479 1935 institutis
501 1902 617 1934 utem.
660 1895 768 1933 Plura
789 1896 894 1933 citavi
914 1897 962 1933 ad

311 1954 458 1992 Ctesiae
481 1954 649 2002 fragmm.
677 1965 762 2003 pag.
779 1955 878 1994 292.

367 2009 434 2049 καὶ
472 2005 696 2061 προστάτας
735 2010 807 2046 τοῦ
845 2008 963 2059 ἔμετο-

312 2065 416 2119 ρίου]
447 2061 665 2117 προστάται
683 2065 854 2102 viden-tur
876 2066 964 2102 fuis-

313 2137 352 2161 se
366 2153 376 2170 ‚
399 2123 461 2171 qui
489 2124 759 2171 negotiatorum
778 2122 887 2158 rebus
907 2126 963 2158 at—

311 2180 504 2217 tenderent
541 2183 576 2215 et
604 2178 727 2215 arbitri
762 2183 886 2215 essent
919 2178 961 2214 li-

309 2236 398 2271 tium
413 2263 423 2280 ,
451 2234 576 2283 quales
599 2235 777 2271 recentior
801 2239 901 2271 aetas
924 2235 961 2271 in

311 2291 486 2340 portubus
517 2294 552 2326 et
578 2290 748 2339 emporiis
776 2291 961 2326 constituit

313 2348 427 2392 viros3
463 2345 614 2381 consules
643 2345 752 2392 vulgo
772 2346 961 2394 appellan-

311 2408 380 2440 tur.
437 2402 572 2438 Utrum
601 2401 712 2437 iidem
744 2402 816 2436 sint
853 2406 962 2449 atque

311 2460 518 2510 τιμοῦχοι,
556 2469 710 2506 quorum
738 2469 831 2493 unus
868 2458 963 2494 inter

310 2514 545 2553 Naucratidis
598 2513 754 2550 civitatis
802 2519 961 2550 rectores

312 2575 532 2609 memoratur
551 2570 649 2619 apud
662 2567 888 2606 Athenaeum
899 2569 962 2616 IV,

316 2629 390 2675 13,
421 2626 626 2664 coniectura
644 2625 699 2661 vix
715 2627 861 2674 assequi
880 2625 965 2663 lice-

315 2685 391 2731 bit,
420 2696 499 2720 cum
518 2682 682 2718 omnibus
704 2694 888 2719 careamus
908 2687 963 2719 te-

312 2739 492 2777 stimoniis
513 2739 558 2775 de
574 2751 614 2774 re
632 2737 779 2787 publiea
796 2739 962 2775 Naucra-

310 2797 469 2834 titarum.
514 2793 718 2844 Praefectos
736 2799 962 2832 mercatorum

313 2865 357 2889 ex
373 2857 494 2889 vetere
513 2851 746 2899 inscriptione
763 2853 858 2900 apud
873 2851 960 2889 Rei-

313 2908 455 2946 nesium
477 2907 584 2945 affert
603 2906 864 2957 Wesselingius
884 2908 961 2955 (cui

1033 1571 1105 1606 que
1137 1559 1264 1595 decem
1297 1556 1574 1594 Atheniensium
1601 1555 1684 1595 ε’πι-

1032 1611 1201 1664 μελητᾶς
1239 1615 1312 1652 τοῦ
1351 1612 1543 1666 ἐμπορίου
1585 1613 1684 1663 apud

1029 1671 1247 1722 Harpocrat.
1279 1684 1306 1707 s.
1328 1684 1360 1707 v.

1087 1753 1413 1806 μεταποιεῦνται]
1447 1753 1622 1791 Timaeus
1647 1752 1685 1788 in

1029 1812 1097 1849 lex.
1129 1812 1222 1848 Plat.
1249 1825 1285 1861 p.
1323 1814 1421 1852 179:
1465 1812 1683 1861 μεταποιεῖ-

1032 1873 1149 1907 σθαι·
1184 1862 1482 1906 ἀντιποιεῖσθαι
1499 1866 1542 1914 (i.
1563 1879 1594 1903 e.
1618 1866 1687 1902 sibi

1030 1925 1238 1972 vindicare,
1279 1924 1468 1960 attribuere
1505 1922 1685 1972 aliquid),

1031 1982 1093 2019 ubi
1121 1981 1225 2031 plura
1255 1981 1449 2030 adscripsit
1472 1979 1684 2024 Ruhnken„

1032 2037 1237 2075 Herodotei
1264 2037 1331 2074 loci
1356 2037 1453 2073 haud
1483 2037 1683 2072 immemor.

1030 2115 1086 2121 —
1103 2094 1162 2130 Ad
1183 2089 1240 2132 ἐπ’
1262 2092 1421 2131 ἑωυτῶν
1449 2093 1486 2129 in
1509 2104 1611 2140 seqq.
1638 2092 1683 2127 cf.

1031 2163 1140 2200 supra
1170 2150 1223 2197 Π,
1243 2152 1281 2190 2.
1310 2150 1350 2197 Ι,
1373 2148 1453 2190 148
1479 2149 1567 2198 ibiq.
1590 2151 1682 2184 nott.

1029 2212 1065 2244 et
1083 2206 1156 2254 IX,
1175 2208 1240 2248 38.

1193 2373 1223 2409 C
1236 2386 1257 2410 a
1266 2386 1301 2423 p.
1333 2372 1537 2410 CLXXIX.

1088 2455 1124 2495 εἰ
1141 2453 1183 2494 δέ
1197 2451 1531 2506 τις-ἀπίκοιτο]
1563 2455 1620 2504 εἰ,
1655 2457 1684 2493 si

1031 2514 1119 2562 quid
1149 2512 1276 2560 video,
1314 2512 1372 2558 hic
1400 2513 1555 2563 tempori
1592 2513 1685 2549 indi-

1031 2570 1147 2607 cando
1167 2569 1317 2606 inservit
1338 2569 1487 2618 (quum,
1520 2569 1684 2619 quoties),

1032 2626 1190 2674 indeque
1210 2626 1369 2675 optativo
1399 2626 1581 2674 iungitur,
1616 2638 1684 2662 no-

1030 2686 1133 2719 tante
1151 2681 1284 2719 Matth.
1305 2693 1390 2732 pag.
1407 2684 1525 2722 1019.
1570 2682 1684 2720 Haud

1031 2738 1135 2775 aliter
1170 2737 1230 2784 II,
1261 2739 1360 2778 181:
1404 2739 1456 2790 τῇ
1499 2736 1608 2776 ἐπεί
1642 2752 1682 2776 τε

1031 2794 1362 2845 συγκλίνοιτο
1386 2790 1604 2843 ὄ”Αμασις.
1625 2814 1682 2822 —-

1028 2850 1088 2887 Ad
1110 2850 1221 2888 verba
1253 2848 1296 2890 ἐν
1323 2844 1458 2901 βάρισι
1483 2851 1609 2887 confer
1634 2850 1683 2898 Π,

1027 2910 1093 2949 96.
