1759 3324
577 276 910 315 >CL10.1.

138 390 210 434 καὶ
240 389 281 441 ἐς
309 388 380 445 ἐμὲ
405 389 536 432 τοῦτο
566 386 627 430 ἔτι
651 384 748 438 ἐὰν,

81 564 258 614 ligerent,
281 560 395 611 qualis
417 559 487 596 hoc
512 558 730 608 cognomine

83 622 172 658 (leus
197 631 242 657 ex
266 619 429 669 ipsorum
446 615 596 653 notione
614 615 729 662 signi-

81 678 267 722 ficaretur,
297 673 440 709 addidit
458 674 495 709 Δ
509 687 521 710 ι
533 666 555 711 ό
570 687 600 719 ς.
631 671 728 709 Nam

81 731 149 771 Bel
184 742 325 767 summo
363 728 444 765 loco
471 728 566 766 inter
592 728 682 766 deos
707 740 730 764 a

79 786 290 836 Babyloniis
307 785 452 822 habitus
471 789 548 831 est,
577 798 644 822 nec
659 784 730 821 alio

81 856 189 894 quam
205 855 277 892 quo
298 844 356 880 Ζε
368 837 394 881 ν’
409 856 428 886 ς
449 842 548 891 apud
567 841 730 878 Graecos

82 904 120 939 et
139 897 298 949 Iuppiter
323 897 425 947 apud
450 897 661 942 Roman0s;
689 900 731 934 ut

80 955 132 994 nil
151 956 299 1002 mirum,
339 954 503 991 Graecos
522 953 731 990 Romanos-

79 1025 125 1050 ve
145 1011 340 1062 scriptores
362 1010 416 1047 his
434 1010 640 1047 nominibus
656 1010 731 1047 Ba-

81 1068 265 1118 bylonium
307 1079 443 1104 nomen
486 1065 729 1116 interpretari.

81 1125 180 1164 Nolo
196 1125 297 1176 ipsos
315 1123 445 1161 afferre
465 1122 579 1171 locos,
589 1135 636 1159 ne
649 1125 731 1158 acta

83 1194 192 1231 agam
218 1185 306 1231 post
341 1183 544 1217 accuratam
578 1178 730 1216 Gesenii

81 1238 365 1289 disputationem
390 1236 427 1272 in
467 1235 733 1272 Commentarr.

85 1295 134 1332 ad
161 1293 266 1331 Iesai.
302 1292 373 1330 vol.
393 1291 427 1328 ΙΙ
455 1305 493 1342 p.
515 1293 597 1333 335
625 1303 730 1340 seqq.

84 1350 165 1388 coll.
180 1349 337 1387 Miinter.
364 1348 387 1385 l.
419 1347 442 1384 l.
468 1360 554 1398 pag.
578 1349 643 1388 18.
667 1349 731 1388 19.

84 1406 145 1444 Ad
161 1407 281 1444 sidera
307 1405 488 1442 Gesenius
516 1404 645 1442 Belum
672 1416 731 1441 re-

83 1464 155 1501 fert
168 1462 339 1511 illumque
356 1461 539 1512 planetam
558 1460 654 1497 Iovis
673 1459 731 1498 vel

83 1520 192 1557 deum
210 1519 248 1555 in
267 1531 311 1556 eo
329 1518 550 1555 habitantem
572 1517 686 1554 fuisse
710 1529 730 1554 e

82 1573 246 1627 pluribus
277 1587 402 1611 sacrae
424 1574 624 1624 scripturae
642 1573 730 1609 locis

83 1632 230 1669 minime
244 1631 392 1668 dubium
404 1643 487 1667 esse
503 1634 637 1667 censet.
658 1629 732 1672 Qui

84 1688 183 1726 idem
215 1686 326 1723 Belus
354 1699 515 1723 summus
541 1686 631 1723 deus
659 1686 733 1722 una

85 1757 166 1782 cum
183 1742 328 1781 Venere
357 1743 515 1779 omnium
553 1743 733 1779 bonorum

85 1801 256 1851 princeps
281 1802 392 1848 atque
427 1802 553 1836 auctor
588 1798 732 1835 habitus

85 1857 299 1904 summaque
314 1855 515 1893 reverentia
526 1853 651 1892 cultus.
673 1853 735 1890 In-

85 1913 133 1950 de
149 1911 410 1962 amplissimnm
425 1924 467 1948 ac
482 1910 737 1961 splendidissi-

83 1982 184 2007 mum
228 1966 403 2017 templum
442 1971 545 2004 tanto
588 1967 736 2004 numine

85 2026 248 2077 profecto
275 2025 447 2072 dignum,
486 2022 593 2073 quale
615 2023 737 2060 Hero-

88 2082 195 2119 dotus
208 2081 242 2118 h.
259 2079 296 2127 l.,
308 2080 509 2127 Diodorus,
528 2079 575 2127 ΙΙ,
592 2082 643 2120 10
655 2079 733 2116 coll.

86 2137 207 2175 Strab.
226 2136 315 2175 XVI
341 2150 379 2188 p.
398 2138 481 2177 738
506 2149 535 2173 s·
564 2150 601 2187 p.
624 2137 733 2177 1073

86 2194 305 2231 describunt.
371 2192 481 2230 Plura
520 2193 734 2243 praesertim

84 2249 269 2288 Diodorus
287 2249 410 2296 addit,
438 2262 533 2298 quae
557 2250 595 2285 in
609 2249 732 2286 Hero-

86 2305 204 2344 doteis
229 2305 328 2343 haud
346 2306 534 2354 leguntur,
567 2304 734 2356 explicita

86 2362 133 2400 ab
153 2362 314 2400 Gesenio
333 2361 356 2399 l.
374 2362 398 2399 l.
427 2376 462 2412 p.
479 2363 575 2404 356.
620 2362 735 2399 Prae-

87 2421 144 2455 ter
177 2419 375 2456 Gesenium
405 2419 453 2457 de
477 2418 569 2456 Belo
605 2418 733 2468 dispu-

88 2476 210 2511 tarunt
238 2474 424 2512 Berthold.
457 2475 505 2512 ad
534 2474 677 2512 Daniel.
702 2474 731 2522 Ι,

90 2531 120 2570 2
147 2541 233 2579 pag.
255 2532 335 2571 180
363 2544 440 2580 seq.
478 2531 665 2568 Hammer.
695 2532 734 2567 in

90 2582 239 2624 Wiener
260 2586 451 2625 Jahrbiich.
478 2587 514 2624 X
543 2600 629 2638 pag.
650 2588 733 2629 239

92 2645 169 2678 not.
199 2643 246 2688 1,
294 2655 338 2680 ac
377 2656 495 2694 nuper
536 2645 734 2681 admodum

92 2694 280 2734 Miinterus
306 2698 344 2735 in
375 2698 467 2737 libro
495 2700 543 2737 de
572 2700 734 2748 Babylo-

93 2751 235 2790 niorum
272 2753 447 2803 religione
485 2756 732 2807 (Kopenhag.

96 2807 224 2856 1827)
243 2820 328 2858 pag.
351 2813 413 2852 16.
454 2812 527 2855 Qui
543 2812 640 2850 haud
658 2813 731 2850 scio

95 2874 142 2899 an
161 2863 286 2900 merito
312 2866 471 2904 Gesenio
504 2868 733 2918 obloquatur,

94 2917 224 2956 Belum
232 2919 290 2956 vel
298 2920 419 2960 Solem
434 2923 554 2975 ipsum
571 2925 628 2962 vel
636 2928 733 2963 certe

137 2972 345 3016 Hauonor.
375 2977 404 3018 I.

1306 282 1388 322 401

793 384 875 430 δύο
904 387 1092 430 σταδίων
1121 386 1287 446 πάντη,
1315 388 1391 434 ἐόν

796 558 893 596 Solis
911 559 1058 608 genium
1078 573 1162 599 esse
1174 590 1186 609 ,
1200 561 1360 612 indeque
1379 563 1445 601 de·

795 629 894 653 mum
914 629 983 666 pro
1009 629 1151 655 summo
1181 618 1251 656 deo
1282 618 1447 670 coelique

796 673 943 709 domino
970 672 1105 710 cultum
1130 675 1377 723 contendens,
1405 675 1444 714 id

797 729 898 777 quod
916 728 975 764 vix
993 729 1032 765 in
1050 742 1145 778 eum,
1165 731 1226 780 qui
1247 731 1340 768 Iovis
1361 735 1446 769 tan-

795 788 873 822 tum
899 784 1048 834 planeta
1076 786 1124 824 sit
1151 786 1317 835 habitus,
1356 801 1445 825 con-

795 841 881 879 ferri
909 841 1079 891 potuerit.
1134 841 1262 893 Itaque
1289 843 1326 880 in
1351 843 1444 883 Belo

795 897 1078 946 Babyloniorum
1116 899 1368 949 antiquissimo
1403 913 1446 938 a-

796 954 1019 992 stronomiae
1035 955 1153 992 minus
1172 968 1282 1005 quam
1301 969 1444 995 cosmo-

798 1011 931 1059 goniae
960 1014 1000 1047 ut
1029 1011 1150 1059 aiunt,
1178 1013 1356 1052 rationem
1376 1013 1445 1052 ha-

797 1067 955 1104 bendam
983 1080 1066 1106 esse
1087 1081 1156 1118 per
1179 1071 1296 1107 totum
1324 1069 1445 1108 orien-

797 1126 870 1160 tem
886 1122 1073 1171 vulgatae,
1104 1137 1177 1173 qua
1190 1125 1445 1175 primigeniam

798 1180 981 1228 quandam
997 1184 1148 1217 naturae
1167 1182 1239 1218 vim
1257 1182 1446 1233 dupliciter

798 1235 951 1273 divisam
969 1237 1218 1285 cogitaverint,
1237 1241 1274 1276 et
1287 1239 1443 1288 gignen-

797 1296 873 1330 tem
895 1306 924 1329 s.
944 1296 1174 1330 naturantem
1187 1297 1224 1331 et
1243 1296 1445 1346 suscipien-

797 1353 872 1386 tem
899 1362 929 1385 s,
958 1352 1174 1386 naturatam.
1240 1349 1342 1388 Illam
1376 1364 1446 1401 pro

797 1404 886 1442 Sole
917 1404 1082 1454 coelique
1106 1405 1255 1443 domino
1285 1407 1447 1445 habitam

795 1461 949 1510 Belique
966 1461 1114 1499 nomine
1131 1462 1266 1500 cultum
1291 1463 1375 1501 hinc
1390 1464 1448 1500 in-

797 1523 853 1555 ter
882 1519 1029 1555 numina
1053 1519 1210 1568 primum
1233 1519 1353 1558 locum
1377 1519 1445 1557 ob-

798 1575 972 1622 tinuisse,
1007 1574 1100 1612 hanc
1126 1588 1194 1625 pro
1220 1574 1329 1613 Luna
1358 1588 1448 1614 ean·

798 1631 955 1679 demque
977 1630 1069 1668 coeli
1103 1631 1267 1680 reginam
1286 1632 1447 1670 habitam

799 1690 835 1724 et
856 1687 997 1724 cultam.
1025 1687 1103 1724 Sed
1119 1688 1166 1725 de
1183 1701 1228 1725 ea
1245 1688 1340 1726 infra
1358 1687 1447 1736 adl,

801 1745 893 1784 199.
949 1743 1047 1780 Hinc
1076 1755 1145 1793 pro
1171 1743 1269 1791 Sole,
1305 1757 1448 1782 summo

803 1799 873 1837 deo
900 1799 968 1837 Bel
1003 1799 1132 1850 accipit
1157 1799 1357 1839 Palmblad.
1400 1801 1449 1839 de

801 1855 877 1893 reb.
897 1855 1039 1904 Babyll.
1058 1868 1145 1905 pag.
1164 1857 1219 1897 42
1238 1869 1319 1906 seq.
1366 1856 1449 1895 Beli

801 1925 887 1949 vero
917 1911 1092 1962 templum
1117 1925 1193 1949 non
1218 1913 1318 1950 aliud
1332 1913 1450 1952 fuisse

802 1972 914 2020 atque
937 1967 1106 2005 Nimrodi
1139 1981 1260 2007 arcem
1288 1969 1450 2019 indeque

802 2024 911 2062 etiam
929 2024 966 2060 in
981 2024 1195 2061 occidentali
1211 2025 1309 2062 urbis
1329 2030 1449 2076 parte,

803 2093 897 2130 quae
916 2081 1016 2130 prior
1035 2093 1235 2130 sanequam
1252 2081 1319 2119 fuit
1338 2086 1450 2131 atque

799 2138 994 2184 vetustior,
1032 2136 1266 2186 collocatum,
1293 2150 1449 2188 persua-

801 2194 849 2230 sit
878 2193 986 2230 nobis
1021 2193 1248 2242 Heerenius,
1306 2194 1450 2233 Porteri

799 2249 910 2299 Angli
923 2249 1208 2299 peregrinatoris
1225 2251 1449 2300 argumentis

798 2305 880 2356 ipse
909 2306 1050 2343 ductus.
1107 2305 1319 2344 Monstrant
1351 2307 1449 2345 enim

798 2362 869 2399 hoc
884 2363 1026 2409 ruinae,
1057 2375 1152 2412 quae
1177 2363 1360 2413 hodieque
1386 2376 1450 2401 su-

799 2423 952 2469 perstmt
981 2419 1300 2470 testimoniumque
1335 2420 1450 2457 edunt

800 2475 966 2513 omnibus
997 2473 1075 2511 aliis
1098 2476 1216 2512 maius
1243 2480 1355 2525 atque
1385 2476 1449 2514 fir·-

798 2532 904 2568 mius.
946 2531 1177 2569 Conveniunt
1197 2544 1392 2570 mensurae
1411 2536 1450 2571 et

799 2587 1038 2636 longitudinis
1058 2592 1094 2626 et
1102 2587 1314 2637 latitudinis,
1331 2600 1450 2639 quan-

799 2648 878 2681 tum
904 2644 974 2680 hoc
1010 2656 1054 2681 ex
1084 2644 1270 2682 ruinarum
1307 2644 1449 2683 cumulo

798 2700 917 2749 colligi
931 2703 1057 2750 potest
1069 2713 1079 2746 3
1092 2701 1363 2751 conspiciuntur
1381 2702 1450 2739 ad-

798 2757 868 2794 huc
885 2762 960 2794 tres
980 2760 1099 2794 turres
1119 2769 1163 2794 ex
1179 2760 1262 2794 octo
1276 2757 1449 2807 turribus,

799 2825 891 2862 quas
916 2812 1130 2850 Herodotus
1158 2817 1347 2860 recenset,
1384 2826 1448 2852 ex-

799 2873 898 2905 stant
913 2869 1007 2905 adeo
1018 2869 1175 2917 vestigia
1189 2870 1345 2906 ambitus
1355 2882 1447 2918 qua-

800 2925 915 2973 drati,
951 2937 1024 2974 quo
1055 2924 1231 3019 temngum
1256 2925 1355 2963 istud
1378 2938 1448 2977 py-
