1805 3315
650 234 950 274 CLIO.I.
1388 246 1442 284 49

151 346 330 405 στήριον
356 344 404 388 τό
436 347 498 404 τῷ
522 341 730 402 Ἀλυάττῃ
760 345 1018 402 γευόμενον,
1058 345 1288 403 πέμψαντα
1319 347 1439 405 ἄγγε-

151 432 230 471 λον
255 427 493 476 κατειπεῖν,
523 423 638 475 ὅκως
667 423 723 468 ἄν
750 440 793 468 τι
820 424 1033 479 προειδώς
1061 424 1172 481 πρὸς
1200 425 1249 469 τὸ
1276 426 1440 482 παρεὸν

128 501 419 563 3βουλεύηται.
478 502 691 560 Μιλήσιοι
729 503 809 558 μέν
843 519 928 547 νυν
969 503 1086 547 οὕτω
1114 504 1292 560 λέγουσι
1319 506 1438 561 γενέ-

39 585 101 630 21
150 588 262 628 σθαι.
298 580 530 638 Ἀλυάττης
559 582 628 634 δὲ,
661 581 721 633 ὥς
751 584 795 625 οἱ
822 586 959 626 ταῦτα
989 582 1248 640 ἐξαγγέλθη,
1279 582 1437 628 αὐτίκα

146 661 303 716 ἔπεμπε
344 661 516 718 κήρυκα
563 661 607 713 ἐς
643 663 870 718 Μίλητον,

927 661 1196 718 βουλόμενος
1241 663 1482 715 σπουδὰςθὸ

143 740 414 796 ποιήσασθαι
453 740 755 797 Θρασυβούλῳ
794 755 840 784 τε
876 741 950 784 καὶ
978 743 1237 798 Μιλησίοισι
1271 741 1436 798 χρόνον

148 818 170 832 0,
288 818 306 832 n
400 818 409 833 2
541 818 549 833 «
638 821 650 836 ,
800 823 818 831 ι
898 817 910 832 0
976 819 986 833 .
1094 820 1103 834 .
1143 820 1153 835 ‚
1206 820 1215 832 1
1398 822 1410 836 ‚

119 829 252 863 2οσον
280 834 334 862 αν
361 835 440 864 του
467 836 579 876 νηου
608 822 831 877 οικοδομῃ.
888 836 913 863 ο
942 837 1022 876 μεν
1052 823 1105 878 δη
1128 825 1372 873 αποστολος
1393 838 1437 874 ες

143 897 224 955 τὴν
259 899 460 956 Μίλητον
495 894 571 958 ἦν·
622 899 940 957 Θρασύβουλος
980 899 1028 945 δὲ
1066 899 1239 958 σαφέως
1274 916 1433 958 προπε-

97 1095 168 1133 pus
188 1077 466 1133 (βουλεύηται)
487 1083 627 1119 attendi
642 1082 754 1130 iubet,

99 1139 201 1188 quod
237 1139 432 1189 praeterito
471 1142 546 1175 turn
575 1139 751 1188 imprimis

99 1195 225 1232 subiici
247 1195 385 1242 soleat,
415 1194 477 1231 ubi
501 1194 648 1231 alicuius
671 1208 754 1234 ora-

98 1251 150 1288 tio
169 1251 227 1290 vel
247 1251 428 1288 sententia
447 1251 665 1300 proferatur.

303 1335 416 1385 Cap.
445 1333 547 1371 XXI.

155 1413 210 1465 ὥς
259 1417 301 1458 οἷ
344 1421 469 1457 ταῦτα
508 1415 753 1471 ἐξαγγέλθη]

98 1473 316 1527 ἐξαγγέλθη
340 1489 419 1513 cum
438 1475 554 1512 Schw.
576 1481 612 1513 et
634 1477 752 1514 Gaisf.

95 1532 173 1569 iure
197 1532 385 1580 dedimus,
415 1535 527 1581 atque
562 1545 646 1569 mox
675 1528 755 1584 κη’-

98 1603 147 1641 ρυ
159 1603 182 1627 κ
195 1603 220 1626 α
256 1587 343 1639 (pro
363 1584 466 1640 κήρυ
478 1603 500 1627 κ
512 1603 536 1627 α
549 1589 620 1637 ς),
652 1590 754 1638 quod

96 1648 242 1695 praeter
285 1645 448 1682 codicum
498 1645 753 1684 auctoritatem

96 1702 186 1738 satis
209 1701 354 1738 firmant
375 1702 503 1739 verba:
535 1699 558 1740 ὁ
585 1717 613 1752 μ
627 1699 678 1741 ὲν
700 1699 751 1755 δη

97 1751 389 1804 ἀπόστολος
409 1773 443 1797 κ
467 1771 499 1795 τ.
522 1759 559 1795 λ.

153 1828 174 1852 o
196 1811 268 1864 μὲν
290 1810 353 1870 δὴ
368 1809 591 1860 ἀπόστολος
621 1813 660 1861 ἐς
677 1811 752 1866 τήν

95 1870 285 1921 Μίλητον
322 1863 400 1922 ἦν]
475 1870 751 1920 Valckenarius,

96 1939 205 1976 quem
240 1927 453 1965 offendebat
486 1928 637 1964 verbum
669 1927 752 1979 εἰμί

94 1983 133 2019 in
151 1983 391 2032 significando
410 1987 512 2021 motu
541 1997 622 2021 cum
642 1998 752 2035 prae-

95 2040 279 2090 positione
300 2040 356 2087 εἰς
376 2040 598 2088 adhibitum,
628 2041 751 2091 suspi-

96 2097 244 2134 cabatur
274 2095 314 2143 ἐς
334 2093 410 2147 τήν
428 2098 615 2147 ,Μίλητον
637 2094 705 2148 ἤϊε
727 2098 750 2135 i.

97 2166 128 2191 e.
157 2151 327 2190 Miletum
356 2154 468 2201 abiit,
497 2153 549 2190 uti
587 2153 627 2200 I,
660 2155 753 2195 113.

96 2213 191 2252 210.
220 2209 267 2257 V,
292 2209 358 2251 50.
382 2211 457 2256 323
496 2209 576 2246 vel:
617 2208 657 2256 ἐς
678 2207 754 2261 τήν

96 2266 286 2317 Μίλητον
307 2267 443 2318 παρῆν
465 2265 635 2303 Miletum
650 2279 753 2304 vene-

95 2326 176 2368 ταῖς
206 2323 308 2372 quod
336 2323 435 2360 haud
465 2322 677 2360 inusitatum
696 2327 754 2361 est

97 2378 271 2428 loquendi
290 2392 407 2428 genus
420 2378 560 2416 Nostro
581 2379 629 2427 (I,
640 2382 676 2420 9.
688 2379 753 2428 VI,

97 2435 153 2478 24
172 2436 259 2485 etc.)
280 2435 431 2485 aliisque
453 2435 688 2486 scriptoribus
700 2465 711 2484 ,
730 2449 752 2474 e

95 2492 226 2541 quibus
254 2491 419 2542 exempla
437 2492 557 2529 attulit
575 2491 752 2530 Valcken.

97 2548 191 2585 Add.
200 2552 325 2585 notam
335 2552 498 2585 nostram
511 2549 560 2585 ad
567 2547 749 2586 Plutarch.

97 2601 223 2652 Pyrrh.
253 2606 280 2646 3
306 2605 384 2642 init.
410 2618 448 2655 p.
472 2604 552 2645 148
581 2617 637 2654 sq.
679 2605 751 2642 Cui

101 2660 325 2699 coniecturae
352 2674 433 2698 cum
458 2660 539 2698 libri
566 2673 642 2698 non
671 2662 749 2698 suf-

100 2714 306 2764 fragentur,
317 2717 505 2767 vulgatum
524 2717 752 2755 retinuerunt

100 2772 237 2820 posteri
257 2774 440 2822 editores,
479 2787 559 2812 cum
590 2773 752 2821 omnino,

101 2830 143 2862 ut
161 2826 251 2865 bene
271 2830 378 2868 docet
412 2830 548 2869 Siebel.
577 2831 626 2868 ad
653 2829 752 2867 Pau-

101 2894 180 2919 san.
195 2882 302 2933 VIII,
323 2888 374 2928 10
391 2887 452 2926 fin.
472 2900 511 2940 p
527 2887 610 2931 233
615 2886 751 2941 verba,

148 2936 358 2981 Hauonom.
386 2942 418 2981 I.

822 1094 917 1132 quae
960 1095 1051 1130 esse,
1107 1081 1226 1120 adesse
1260 1083 1481 1132 significant,

820 1139 1003 1176 interdum
1024 1151 1104 1175 cum
1123 1141 1398 1189 praepositione
1421 1140 1480 1186 εἰς

821 1195 1036 1245 copulentur
1065 1195 1140 1241 ita,
1179 1200 1221 1231 ut
1264 1197 1337 1232 duo
1374 1196 1480 1233 simul

821 1264 894 1288 una
918 1250 1075 1287 formula
1104 1250 1325 1289 indicentur:
1357 1256 1394 1288 et
1417 1265 1480 1288 ve-

822 1310 898 1344 πῖνε
925 1310 964 1344 in
988 1302 1112 1343 xlocum
1145 1312 1182 1344 et
1222 1320 1292 1344 esse
1324 1310 1362 1345 in
1394 1308 1480 1344 loco.

822 1362 945 1412 Atque
979 1364 1051 1400 vid.
1087 1363 1268 1401 Herodot.
1302 1364 1376 1411 Ill,
1413 1367 1482 1405 80.

822 1420 896 1466 ΙΧ,
927 1422 952 1460 6
985 1423 1022 1457 et
1056 1432 1142 1456 vero
1176 1421 1405 1490 potissimum
1432 1420 1481 1467 V,

822 1477 896 1517 38:
937 1472 1101 1527 δεύτερα
1136 1474 1257 1524 αὐτὸς
1284 1475 1324 1523 ἐς
1349 1479 1482 1515 Λακε-

823 1532 996 1583 δαίμονα
1044 1527 1201 1585 τριήοεϊ
1255 1528 1446 1572 οἷπόστο
1464 1559 1482 1566 -

821 1591 908 1635 λος
938 1588 1160 1641 εγίνετο,·
1198 1602 1271 1638 quo
1293 1590 1374 1627 loco
1394 1588 1481 1626 Ari-

820 1650 1007 1694 stagoram
1040 1646 1251 1694 navigando
1289 1645 1482 1684 Lacedae-

820 1715 967 1740 monem
993 1701 1156 1739 delatum
1184 1715 1267 1740 esse
1293 1703 1482 1740 docemur.

819 1758 918 1796 Hinc
932 1762 1058 1794 nostro
1082 1771 1230 1807 quoque
1252 1758 1332 1795 loco
1355 1758 1481 1796 omnia¹

820 1827 913 1851 sana
950 1827 1033 1853 esse
1065 1818 1234 1865 apparet.
1290 1814 1352 1852 Ad
1384 1809 1481 1854 οἷπὸ-

821 1874 958 1918 στολος
993 1871 1113 1921 possit
1157 1871 1238 1920 quis
1281 1871 1481 1919 cogitando

819 1928 959 1965 addere
987 1923 1135 1979 κήρυξ,
1167 1902 1480 1976 quemadmodum

818 1984 999 2022 invenitur
1059 1984 1170 2020 etiam
1216 1998 1259 2022 το
1310 1978 1481 2023 απόστο-

818 2042 890 2079 λον
931 2053 982 2077 sc
1009 2041 1152 2079 πλοῖον
1202 2038 1330 2088 (quod
1359 2040 1480 2090 ipsum

821 2098 917 2135 adeo
944 2096 1102 2134 subinde
1127 2096 1312 2144 additum)
1344 2096 1391 2134 (le
1414 2109 1480 2132 na-

820 2155 860 2190 m*
886 2154 1064 2200 vectoria,
1113 2153 1167 2188 uti
1194 2153 1318 2189 docuit
1349 2152 1482 2190 Ruhn-

820 2209 951 2247 kenius
985 2210 1034 2246 ad
1062 2208 1208 2246 Timaei
1238 2208 1362 2247 Lexic.
1395 2208 1482 2245 Pla-

819 2269 897 2303 ton.
922 2280 960 2316 p.
988 2265 1055 2307 43.
1087 2265 1212 2309 Quare
1243 2278 1319 2301 non
1349 2264 1481 2302 mirum

819 2318 888 2362 τὸν
920 2317 1142 2362 οἷπὸστολον
1177 2321 1263 2358 dein
1289 2322 1337 2360 dc
1374 2321 1482 2358 classi

820 2378 905 2428 ipsa
964 2392 993 2416 S.
1049 2377 1208 2416 exercitu
1261 2378 1331 2414 dici
1379 2377 1481 2428 apud

817 2434 1001 2472 Plutarch.
1055 2434 1230 2471 Phocion.
1292 2446 1371 2483 cap.
1426 2435 1480 2474 11

817 2504 856 2542 p.
874 2490 971 2538 746,
989 2490 1034 2527 Ε.
1065 2490 1120 2527 Ut
1136 2490 1232 2527 enim
1249 2487 1482 2528 στέλλεσθαι

817 2547 1053 2597 potissimum
1083 2547 1131 2584 de
1154 2548 1331 2583 maritimo
1355 2548 1481 2582 itinere

816 2607 1014 2653 usurpatur
1037 2603 1105 2651 (de
1125 2616 1199 2652 quo
1227 2602 1291 2639 Cr.
1322 2602 1481 2640 conferri

815 2659 893 2696 vult
914 2663 1006 2696 nott.
1029 2660 1079 2696 ad
1105 2658 1239 2695 Plotin.
1264 2660 1312 2696 de
1337 2658 1480 2709 pulerit.

818 2729 857 2766 p.
876 2715 959 2757 356
978 2719 1015 2753 et
1033 2714 1246 2752 Stallbaum.
1273 2715 1322 2751 ad
1334 2714 1479 2751 Platon.

818 2771 958 2809 Phileb.
988 2785 1025 2822 p.
1062 2771 1188 2820 159),
1232 2771 1332 2808 haud
1374 2770 1479 2808 aliter

818 2827 998 2866 invenitur
1064 2822 1378 2866 ἀποστέλλεσθαι
1441 2828 1480 2863 et

819 2896 916 2936 quae
934 2884 1020 2924 inde
1040 2884 1270 2979 derivantuX
1300 2882 1401 2934 quod
1421 2885 1478 2918 ta-
