<?xml version="1.0" encoding="UTF-8"?>
<!DOCTYPE html PUBLIC "-//W3C//DTD XHTML 1.0 Transitional//EN"
    "http://www.w3.org/TR/xhtml1/DTD/xhtml1-transitional.dtd">
<html xmlns="http://www.w3.org/1999/xhtml" xml:lang="en" lang="en">
 <head>
  <title>
</title>
<meta http-equiv="Content-Type" content="text/html;charset=utf-8" />
  <meta name='ocr-system' content='tesseract 3.04.00' />
  <meta name='ocr-capabilities' content='ocr_page ocr_carea ocr_par ocr_line ocrx_word'/>
</head>
<body>
  <div class='ocr_page' id='page_1' title='image "./musaeher01hero/musaeher01hero_0829.png"; bbox 0 0 1786 3324; ppageno 0'>
   <div class='ocr_carea' id='block_1_1' title="bbox 23 599 119 644">
    <p class='ocr_par' dir='ltr' id='par_1_1' title="bbox 23 599 119 644">
     <span class='ocr_line' id='line_1_1' title="bbox 23 599 119 644; baseline -0.01 0"><span class='ocrx_word' id='word_1_1' title='bbox 23 599 119 644; x_wconf 82' lang='lat'>141</span> 
     </span>
    </p>
   </div>
   <div class='ocr_carea' id='block_1_2' title="bbox 531 247 1416 291">
    <p class='ocr_par' dir='ltr' id='par_1_2' title="bbox 531 247 1416 291">
     <span class='ocr_line' id='line_1_2' title="bbox 531 247 1416 291; baseline 0.005 -4"><span class='ocrx_word' id='word_1_2' title='bbox 531 247 1053 287; x_wconf 90' lang='lat' dir='ltr'><strong>EUTERPE.II.</strong></span> <span class='ocrx_word' id='word_1_3' title='bbox 1332 252 1416 291; x_wconf 72' lang='lat'>807</span> 
     </span>
    </p>
   </div>
   <div class='ocr_carea' id='block_1_3' title="bbox 147 352 1554 414">
    <p class='ocr_par' dir='ltr' id='par_1_3' title="bbox 147 352 1554 414">
     <span class='ocr_line' id='line_1_3' title="bbox 147 352 1554 414; baseline -0.001 -11"><span class='ocrx_word' id='word_1_4' title='bbox 147 357 230 403; x_wconf 79' lang='grc' dir='ltr'>οὐκ</span> <span class='ocrx_word' id='word_1_5' title='bbox 261 356 350 402; x_wconf 84' lang='grc' dir='ltr'><em>οἷοί</em></span> <span class='ocrx_word' id='word_1_6' title='bbox 377 373 420 401; x_wconf 81' lang='grc' dir='ltr'>τε</span> <span class='ocrx_word' id='word_1_7' title='bbox 448 352 564 414; x_wconf 73' lang='grc' dir='ltr'><em>ἦσαν</em></span> <span class='ocrx_word' id='word_1_8' title='bbox 593 354 733 412; x_wconf 68' lang='grc' dir='ltr'><em>αὐτὴν</em></span> <span class='ocrx_word' id='word_1_9' title='bbox 762 355 965 411; x_wconf 83' lang='grc' dir='ltr'><em>οἷνευρεῖν</em></span> <span class='ocrx_word' id='word_1_10' title='bbox 986 357 1030 399; x_wconf 83' lang='grc' dir='ltr'>οἱ</span> <span class='ocrx_word' id='word_1_11' title='bbox 1053 354 1262 411; x_wconf 85' lang='grc' dir='ltr'><em>πρότεροι</em></span> <span class='ocrx_word' id='word_1_12' title='bbox 1285 355 1412 412; x_wconf 79' lang='grc' dir='ltr'><em>γενό-</em></span> <span class='ocrx_word' id='word_1_13' title='bbox 1475 362 1554 401; x_wconf 80' lang='lat'>172</span> 
     </span>
    </p>
   </div>
   <div class='ocr_carea' id='block_1_4' title="bbox 144 433 1469 573">
    <p class='ocr_par' dir='ltr' id='par_1_4' title="bbox 144 433 1469 573">
     <span class='ocr_line' id='line_1_4' title="bbox 145 433 1469 494; baseline -0.002 -13"><span class='ocrx_word' id='word_1_14' title='bbox 145 454 271 494; x_wconf 86' lang='grc' dir='ltr'><em>μενοι</em></span> <span class='ocrx_word' id='word_1_15' title='bbox 312 435 505 492; x_wconf 83' lang='grc' dir='ltr'><strong><em>βασιλέες</em></strong></span> <span class='ocrx_word' id='word_1_16' title='bbox 539 433 822 490; x_wconf 78' lang='grc' dir='ltr'><strong><em>Ἀμυρταίου·</em></strong></span> <span class='ocrx_word' id='word_1_17' title='bbox 886 433 1061 491; x_wconf 83' lang='grc' dir='ltr'><em>οὕνομα</em></span> <span class='ocrx_word' id='word_1_18' title='bbox 1100 435 1146 478; x_wconf 80' lang='grc' dir='ltr'>δὲ</span> <span class='ocrx_word' id='word_1_19' title='bbox 1182 435 1319 492; x_wconf 79' lang='grc' dir='ltr'><em>ταύτῃ</em></span> <span class='ocrx_word' id='word_1_20' title='bbox 1359 439 1469 492; x_wconf 76' lang='grc' dir='ltr'>τῇὸο</span> 
     </span>
     <span class='ocr_line' id='line_1_5' title="bbox 144 512 1407 573; baseline -0.001 -14"><span class='ocrx_word' id='word_1_21' title='bbox 144 515 263 573; x_wconf 78' lang='grc' dir='ltr'><em>νήσῳ</em></span> <span class='ocrx_word' id='word_1_22' title='bbox 291 512 448 569; x_wconf 76' lang='grc' dir='ltr'><em>Ἐλβώ·</em></span> <span class='ocrx_word' id='word_1_23' title='bbox 486 514 679 569; x_wconf 79' lang='grc' dir='ltr'><em>μέγαθος</em></span> <span class='ocrx_word' id='word_1_24' title='bbox 708 513 747 558; x_wconf 87' lang='grc' dir='ltr'>δ’</span> <span class='ocrx_word' id='word_1_25' title='bbox 779 514 867 558; x_wconf 78' lang='grc' dir='ltr'><em>ἐστὶ</em></span> <span class='ocrx_word' id='word_1_26' title='bbox 897 515 1039 572; x_wconf 80' lang='grc' dir='ltr'><em>πάντη</em></span> <span class='ocrx_word' id='word_1_27' title='bbox 1070 515 1174 558; x_wconf 83' lang='grc' dir='ltr'><strong><em>δέκα</em></strong></span> <span class='ocrx_word' id='word_1_28' title='bbox 1205 516 1407 558; x_wconf 82' lang='grc' dir='ltr'><em>σταδίων.</em></span> 
     </span>
    </p>
   </div>
   <div class='ocr_carea' id='block_1_5' title="bbox 258 592 1408 650">
    <p class='ocr_par' dir='ltr' id='par_1_5' title="bbox 258 592 1408 650">
     <span class='ocr_line' id='line_1_6' title="bbox 258 592 1408 650; baseline 0.002 -15"><span class='ocrx_word' id='word_1_29' title='bbox 258 592 382 635; x_wconf 82' lang='grc' dir='ltr'><em>Μετὰ</em></span> <span class='ocrx_word' id='word_1_30' title='bbox 423 593 469 637; x_wconf 81' lang='grc' dir='ltr'>ὁὲ</span> <span class='ocrx_word' id='word_1_31' title='bbox 508 597 702 646; x_wconf 82' lang='grc' dir='ltr'><em>τοῦτον,</em></span> <span class='ocrx_word' id='word_1_32' title='bbox 762 597 1019 650; x_wconf 80' lang='grc' dir='ltr'><em>βασιλεῦσαι</em></span> <span class='ocrx_word' id='word_1_33' title='bbox 1064 593 1143 637; x_wconf 85' lang='grc' dir='ltr'><em>τὸν</em></span> <span class='ocrx_word' id='word_1_34' title='bbox 1187 593 1283 648; x_wconf 83' lang='grc' dir='ltr'><strong><em>ἱρέα</em></strong></span> <span class='ocrx_word' id='word_1_35' title='bbox 1327 611 1408 637; x_wconf 82' lang='grc' dir='ltr'>του</span> 
     </span>
    </p>
   </div>
   <div class='ocr_carea' id='block_1_6' title="bbox 1391 591 1745 694">
    <p class='ocr_par' dir='ltr' id='par_1_6' title="bbox 1391 591 1745 694">
     <span class='ocr_line' id='line_1_7' title="bbox 1391 591 1744 628; baseline 0.014 -9"><span class='ocrx_word' id='word_1_36' title='bbox 1391 598 1408 606; x_wconf 80' lang='grc'>·’</span> <span class='ocrx_word' id='word_1_37' title='bbox 1468 591 1598 628; x_wconf 83' lang='lat' dir='ltr'>Sethon,</span> <span class='ocrx_word' id='word_1_38' title='bbox 1619 594 1744 624; x_wconf 71' lang='lat' dir='ltr'>Vulcani</span> 
     </span>
     <span class='ocr_line' id='line_1_8' title="bbox 1466 627 1745 663; baseline 0.014 -11"><span class='ocrx_word' id='word_1_39' title='bbox 1466 627 1626 663; x_wconf 58' lang='lat' dir='ltr'>sacerdos,</span> <span class='ocrx_word' id='word_1_40' title='bbox 1646 637 1694 655; x_wconf 68' lang='lat' dir='ltr'>rex·</span> <span class='ocrx_word' id='word_1_41' title='bbox 1708 630 1745 656; x_wconf 86' lang='lat' dir='ltr'>ab</span> 
     </span>
     <span class='ocr_line' id='line_1_9' title="bbox 1467 661 1743 694; baseline 0.014 -9"><span class='ocrx_word' id='word_1_42' title='bbox 1467 668 1494 686; x_wconf 83' lang='lat' dir='ltr'>a.</span> <span class='ocrx_word' id='word_1_43' title='bbox 1521 661 1570 687; x_wconf 76' lang='lat'>715</span> <span class='ocrx_word' id='word_1_44' title='bbox 1607 662 1645 688; x_wconf 86' lang='lat' dir='ltr'>ad</span> <span class='ocrx_word' id='word_1_45' title='bbox 1675 663 1743 694; x_wconf 67' lang='lat'>⁶713</span> 
     </span>
    </p>
   </div>
   <div class='ocr_carea' id='block_1_7' title="bbox 139 670 1744 728">
    <p class='ocr_par' dir='ltr' id='par_1_7' title="bbox 139 670 1744 728">
     <span class='ocr_line' id='line_1_10' title="bbox 139 670 1744 728; baseline 0.005 -13"><span class='ocrx_word' id='word_1_46' title='bbox 139 670 406 727; x_wconf 83' lang='grc' dir='ltr'><em>Ἡφαίστου,</em></span> <span class='ocrx_word' id='word_1_47' title='bbox 447 675 508 728; x_wconf 77' lang='grc' dir='ltr'>τῷ</span> <span class='ocrx_word' id='word_1_48' title='bbox 538 671 708 728; x_wconf 82' lang='grc' dir='ltr'><em>οὕνομα</em></span> <span class='ocrx_word' id='word_1_49' title='bbox 738 671 851 717; x_wconf 82' lang='grc' dir='ltr'><em>εἶναι</em></span> <span class='ocrx_word' id='word_1_50' title='bbox 881 672 1062 716; x_wconf 70' lang='grc' dir='ltr'><em>Σεθῶν·</em></span> <span class='ocrx_word' id='word_1_51' title='bbox 1116 672 1194 716; x_wconf 86' lang='grc' dir='ltr'><em>τὸν</em></span> <span class='ocrx_word' id='word_1_52' title='bbox 1224 675 1270 718; x_wconf 84' lang='grc' dir='ltr'><em>ἐν</em></span> <span class='ocrx_word' id='word_1_53' title='bbox 1301 672 1406 717; x_wconf 76' lang='grc' dir='ltr'><em>ἄλο-</em></span> <span class='ocrx_word' id='word_1_54' title='bbox 1465 693 1625 721; x_wconf 79' lang='lat' dir='ltr'>militarem</span> <span class='ocrx_word' id='word_1_55' title='bbox 1664 696 1744 722; x_wconf 76' lang='lat' dir='ltr'>‹mn-</span> 
     </span>
    </p>
   </div>
   <div class='ocr_carea' id='block_1_8' title="bbox 1465 733 1744 756">
    <p class='ocr_par' dir='ltr' id='par_1_8' title="bbox 1465 733 1744 756">
     <span class='ocr_line' id='line_1_11' title="bbox 1465 733 1744 756; baseline 0.011 -3"><span class='ocrx_word' id='word_1_56' title='bbox 1465 735 1531 754; x_wconf 82' lang='lat' dir='ltr'>nem</span> <span class='ocrx_word' id='word_1_57' title='bbox 1564 736 1650 754; x_wconf 74' lang='lat' dir='ltr'>secus</span> <span class='ocrx_word' id='word_1_58' title='bbox 1683 733 1744 756; x_wconf 82' lang='lat' dir='ltr'>tra-</span> 
     </span>
    </p>
   </div>
   <div class='ocr_carea' id='block_1_9' title="bbox 137 750 1744 809">
    <p class='ocr_par' dir='ltr' id='par_1_9' title="bbox 137 750 1744 809">
     <span class='ocr_line' id='line_1_12' title="bbox 137 750 1744 809; baseline 0.001 -14"><span class='ocrx_word' id='word_1_59' title='bbox 137 752 256 808; x_wconf 74' lang='grc' dir='ltr'><em>γίῃσι</em></span> <span class='ocrx_word' id='word_1_60' title='bbox 295 751 406 808; x_wconf 77' lang='grc' dir='ltr'><em>ἔχειν</em></span> <span class='ocrx_word' id='word_1_61' title='bbox 445 750 838 808; x_wconf 82' lang='grc' dir='ltr'>παραχρησάμενον</span> <span class='ocrx_word' id='word_1_62' title='bbox 886 756 976 796; x_wconf 75' lang='grc' dir='ltr'><em>τῶν</em></span> <span class='ocrx_word' id='word_1_63' title='bbox 1027 754 1227 808; x_wconf 86' lang='grc' dir='ltr'><em>μαχίμων</em></span> <span class='ocrx_word' id='word_1_64' title='bbox 1269 755 1405 809; x_wconf 79' lang='grc' dir='ltr'><em>Αἰγυ-</em></span> <span class='ocrx_word' id='word_1_65' title='bbox 1463 761 1744 789; x_wconf 61' lang='grc' dir='ltr'>ῡῑᾶῑτὺεῐῐίὃὸᾱ-</span> 
     </span>
    </p>
   </div>
   <div class='ocr_carea' id='block_1_10' title="bbox 1462 793 1744 857">
    <p class='ocr_par' dir='ltr' id='par_1_10' title="bbox 1462 793 1744 857">
     <span class='ocr_line' id='line_1_13' title="bbox 1462 793 1744 823; baseline 0.011 -3"><span class='ocrx_word' id='word_1_66' title='bbox 1462 793 1625 821; x_wconf 71' lang='lat' dir='ltr'>nachar-ibo</span> <span class='ocrx_word' id='word_1_67' title='bbox 1669 796 1744 823; x_wconf 80' lang='lat' dir='ltr'>illati</span> 
     </span>
     <span class='ocr_line' id='line_1_14' title="bbox 1466 828 1742 857; baseline 0.011 -3"><span class='ocrx_word' id='word_1_68' title='bbox 1466 835 1494 855; x_wconf 83' lang='lat' dir='ltr'>a.</span> <span class='ocrx_word' id='word_1_69' title='bbox 1505 828 1554 854; x_wconf 74' lang='lat'>712</span> <span class='ocrx_word' id='word_1_70' title='bbox 1566 829 1662 855; x_wconf 74' lang='lat' dir='ltr'>exitus</span> <span class='ocrx_word' id='word_1_71' title='bbox 1680 838 1742 857; x_wconf 87' lang='lat' dir='ltr'>me-</span> 
     </span>
    </p>
   </div>
   <div class='ocr_carea' id='block_1_11' title="bbox 136 829 1628 890">
    <p class='ocr_par' dir='ltr' id='par_1_11' title="bbox 136 829 1628 890">
     <span class='ocr_line' id='line_1_15' title="bbox 136 829 1628 890; baseline 0.002 -16"><span class='ocrx_word' id='word_1_72' title='bbox 136 832 297 885; x_wconf 82' lang='grc' dir='ltr'><em>πτίων,</em></span> <span class='ocrx_word' id='word_1_73' title='bbox 338 830 395 883; x_wconf 79' lang='grc' dir='ltr'>ὡς</span> <span class='ocrx_word' id='word_1_74' title='bbox 432 829 563 876; x_wconf 80' lang='grc' dir='ltr'><em>οὐδὲν</em></span> <span class='ocrx_word' id='word_1_75' title='bbox 603 832 867 889; x_wconf 79' lang='grc' dir='ltr'><em>δεησόμενον</em></span> <span class='ocrx_word' id='word_1_76' title='bbox 901 830 1070 876; x_wconf 76' lang='grc' dir='ltr'><em>αὐτῶν·</em></span> <span class='ocrx_word' id='word_1_77' title='bbox 1115 831 1224 876; x_wconf 81' lang='grc' dir='ltr'><em>ἄλλα</em></span> <span class='ocrx_word' id='word_1_78' title='bbox 1266 850 1309 877; x_wconf 79' lang='grc' dir='ltr'>τε</span> <span class='ocrx_word' id='word_1_79' title='bbox 1355 832 1408 890; x_wconf 83' lang='grc' dir='ltr'>δὴ</span> <span class='ocrx_word' id='word_1_80' title='bbox 1467 862 1628 890; x_wconf 70' lang='lat' dir='ltr'>mutamus.</span> 
     </span>
    </p>
   </div>
   <div class='ocr_carea' id='block_1_12' title="bbox 71 1037 738 2951">
    <p class='ocr_par' dir='ltr' id='par_1_12' title="bbox 71 1037 738 2951">
     <span class='ocr_line' id='line_1_16' title="bbox 79 1037 738 1091; baseline -0.002 -14"><span class='ocrx_word' id='word_1_81' title='bbox 79 1041 224 1078; x_wconf 90' lang='lat' dir='ltr'>Inarum</span> <span class='ocrx_word' id='word_1_82' title='bbox 250 1040 409 1091; x_wconf 78' lang='lat' dir='ltr'><strong>praefuit</strong></span> <span class='ocrx_word' id='word_1_83' title='bbox 429 1037 644 1089; x_wconf 87' lang='lat' dir='ltr'>Aegyptiis,</span> <span class='ocrx_word' id='word_1_84' title='bbox 676 1040 738 1089; x_wconf 90' lang='lat' dir='ltr'>qui</span> 
     </span>
     <span class='ocr_line' id='line_1_17' title="bbox 79 1096 737 1144; baseline 0 -10"><span class='ocrx_word' id='word_1_85' title='bbox 79 1111 100 1134; x_wconf 91' lang='lat' dir='ltr'>a</span> <span class='ocrx_word' id='word_1_86' title='bbox 119 1097 243 1134; x_wconf 89' lang='lat' dir='ltr'>Persis</span> <span class='ocrx_word' id='word_1_87' title='bbox 268 1098 502 1141; x_wconf 78' lang='lat' dir='ltr'>defecerant3</span> <span class='ocrx_word' id='word_1_88' title='bbox 533 1108 606 1144; x_wconf 89' lang='lat' dir='ltr'>qua</span> <span class='ocrx_word' id='word_1_89' title='bbox 625 1096 671 1134; x_wconf 91' lang='lat' dir='ltr'>de</span> <span class='ocrx_word' id='word_1_90' title='bbox 697 1110 737 1134; x_wconf 89' lang='lat' dir='ltr'>re</span> 
     </span>
     <span class='ocr_line' id='line_1_18' title="bbox 79 1153 734 1202; baseline -0.002 -11"><span class='ocrx_word' id='word_1_91' title='bbox 79 1154 154 1191; x_wconf 87' lang='lat' dir='ltr'>dixi</span> <span class='ocrx_word' id='word_1_92' title='bbox 174 1154 222 1190; x_wconf 91' lang='lat' dir='ltr'>ad</span> <span class='ocrx_word' id='word_1_93' title='bbox 240 1153 388 1190; x_wconf 86' lang='lat' dir='ltr'>Ctesiae</span> <span class='ocrx_word' id='word_1_94' title='bbox 403 1153 570 1201; x_wconf 89' lang='lat' dir='ltr'>fragmm.</span> <span class='ocrx_word' id='word_1_95' title='bbox 593 1165 629 1202; x_wconf 90' lang='lat' dir='ltr'>p.</span> <span class='ocrx_word' id='word_1_96' title='bbox 642 1156 734 1194; x_wconf 78' lang='lat'><strong>121.</strong></span> 
     </span>
     <span class='ocr_line' id='line_1_19' title="bbox 77 1209 735 1259; baseline -0.003 -12"><span class='ocrx_word' id='word_1_97' title='bbox 77 1209 111 1247; x_wconf 87' lang='lat' dir='ltr'>A</span> <span class='ocrx_word' id='word_1_98' title='bbox 140 1222 212 1259; x_wconf 90' lang='lat' dir='ltr'>quo</span> <span class='ocrx_word' id='word_1_99' title='bbox 242 1213 409 1259; x_wconf 84' lang='lat' dir='ltr'>tempore</span> <span class='ocrx_word' id='word_1_100' title='bbox 440 1222 557 1258; x_wconf 83' lang='lat' dir='ltr'>usque</span> <span class='ocrx_word' id='word_1_101' title='bbox 589 1209 637 1245; x_wconf 91' lang='lat' dir='ltr'>ad</span> <span class='ocrx_word' id='word_1_102' title='bbox 664 1209 735 1246; x_wconf 91' lang='lat' dir='ltr'>Hi-</span> 
     </span>
     <span class='ocr_line' id='line_1_20' title="bbox 77 1265 735 1314; baseline -0.002 -11"><span class='ocrx_word' id='word_1_103' title='bbox 77 1265 201 1314; x_wconf 89' lang='lat' dir='ltr'>skiae,</span> <span class='ocrx_word' id='word_1_104' title='bbox 239 1265 455 1303; x_wconf 90' lang='lat' dir='ltr'>Iudaeorum</span> <span class='ocrx_word' id='word_1_105' title='bbox 478 1266 595 1313; x_wconf 80' lang='lat' dir='ltr'>regis,</span> <span class='ocrx_word' id='word_1_106' title='bbox 634 1270 735 1303; x_wconf 87' lang='lat' dir='ltr'>aeta-</span> 
     </span>
     <span class='ocr_line' id='line_1_21' title="bbox 76 1321 733 1372; baseline -0.002 -12"><span class='ocrx_word' id='word_1_107' title='bbox 76 1327 170 1369; x_wconf 89' lang='lat' dir='ltr'>tem,</span> <span class='ocrx_word' id='word_1_108' title='bbox 199 1322 237 1358; x_wconf 88' lang='lat' dir='ltr'>in</span> <span class='ocrx_word' id='word_1_109' title='bbox 261 1335 371 1372; x_wconf 89' lang='lat' dir='ltr'>quam</span> <span class='ocrx_word' id='word_1_110' title='bbox 387 1321 520 1370; x_wconf 81' lang='lat' dir='ltr'><strong>Anysis</strong></span> <span class='ocrx_word' id='word_1_111' title='bbox 540 1326 576 1359; x_wconf 89' lang='lat' dir='ltr'>et</span> <span class='ocrx_word' id='word_1_112' title='bbox 588 1321 733 1359; x_wconf 90' lang='lat' dir='ltr'>Sabaeo</span> 
     </span>
     <span class='ocr_line' id='line_1_22' title="bbox 76 1378 734 1426; baseline 0 -10"><span class='ocrx_word' id='word_1_113' title='bbox 76 1379 238 1416; x_wconf 84' lang='lat' dir='ltr'>incidant</span> <span class='ocrx_word' id='word_1_114' title='bbox 255 1407 266 1426; x_wconf 88' lang='lat'>,</span> <span class='ocrx_word' id='word_1_115' title='bbox 304 1392 385 1415; x_wconf 93' lang='lat' dir='ltr'>cum</span> <span class='ocrx_word' id='word_1_116' title='bbox 420 1378 648 1415; x_wconf 89' lang='lat' dir='ltr'>intervallum</span> <span class='ocrx_word' id='word_1_117' title='bbox 687 1379 734 1416; x_wconf 87' lang='lat' dir='ltr'>sit</span> 
     </span>
     <span class='ocr_line' id='line_1_23' title="bbox 75 1434 733 1484; baseline -0.002 -11"><span class='ocrx_word' id='word_1_118' title='bbox 75 1448 252 1473; x_wconf 89' lang='lat' dir='ltr'>annorum</span> <span class='ocrx_word' id='word_1_119' title='bbox 281 1434 362 1484; x_wconf 91' lang='lat' dir='ltr'>plus</span> <span class='ocrx_word' id='word_1_120' title='bbox 395 1439 636 1472; x_wconf 90' lang='lat' dir='ltr'>trecentorum</span> <span class='ocrx_word' id='word_1_121' title='bbox 657 1463 668 1482; x_wconf 92' lang='lat'>‚</span> <span class='ocrx_word' id='word_1_122' title='bbox 695 1435 733 1472; x_wconf 92' lang='lat' dir='ltr'>in</span> 
     </span>
     <span class='ocr_line' id='line_1_24' title="bbox 76 1491 734 1540; baseline -0.002 -11"><span class='ocrx_word' id='word_1_123' title='bbox 76 1492 270 1530; x_wconf 82' lang='lat' dir='ltr'>Herodoto</span> <span class='ocrx_word' id='word_1_124' title='bbox 301 1493 351 1529; x_wconf 91' lang='lat' dir='ltr'>sic</span> <span class='ocrx_word' id='word_1_125' title='bbox 377 1491 573 1540; x_wconf 86' lang='lat' dir='ltr'>legendum</span> <span class='ocrx_word' id='word_1_126' title='bbox 609 1495 734 1529; x_wconf 85' lang='lat' dir='ltr'>censet</span> 
     </span>
     <span class='ocr_line' id='line_1_25' title="bbox 75 1547 732 1598; baseline -0.003 -12"><span class='ocrx_word' id='word_1_127' title='bbox 75 1549 287 1587; x_wconf 84' lang='lat' dir='ltr'>Perizonius</span> <span class='ocrx_word' id='word_1_128' title='bbox 307 1547 502 1598; x_wconf 83' lang='lat' dir='ltr'>(Aegyptt.</span> <span class='ocrx_word' id='word_1_129' title='bbox 529 1548 648 1597; x_wconf 81' lang='lat' dir='ltr'>origg.</span> <span class='ocrx_word' id='word_1_130' title='bbox 679 1548 732 1585; x_wconf 88' lang='lat' dir='ltr'>XI</span> 
     </span>
     <span class='ocr_line' id='line_1_26' title="bbox 75 1600 732 1657; baseline 0.002 -15"><span class='ocrx_word' id='word_1_131' title='bbox 75 1618 163 1657; x_wconf 88' lang='lat' dir='ltr'>pag.</span> <span class='ocrx_word' id='word_1_132' title='bbox 184 1608 313 1651; x_wconf 76' lang='lat'>202):</span> <span class='ocrx_word' id='word_1_133' title='bbox 357 1603 442 1644; x_wconf 75' lang='grc' dir='ltr'>ἔτεα</span> <span class='ocrx_word' id='word_1_134' title='bbox 478 1603 542 1644; x_wconf 81' lang='grc' dir='ltr'>ἐπὶ</span> <span class='ocrx_word' id='word_1_135' title='bbox 570 1603 675 1643; x_wconf 85' lang='grc' dir='ltr'><em>πλέω</em></span> <span class='ocrx_word' id='word_1_136' title='bbox 704 1600 732 1655; x_wconf 78' lang='grc' dir='ltr'><em>ἢ</em></span> 
     </span>
     <span class='ocr_line' id='line_1_27' title="bbox 75 1657 732 1713; baseline -0.005 -13"><span class='ocrx_word' id='word_1_137' title='bbox 75 1657 374 1713; x_wconf 82' lang='grc' dir='ltr'><em>τριηκόσια,</em></span> <span class='ocrx_word' id='word_1_138' title='bbox 407 1663 506 1711; x_wconf 90' lang='lat' dir='ltr'>quod</span> <span class='ocrx_word' id='word_1_139' title='bbox 534 1661 631 1698; x_wconf 87' lang='lat' dir='ltr'>idem</span> <span class='ocrx_word' id='word_1_140' title='bbox 652 1661 732 1712; x_wconf 85' lang='lat' dir='ltr'>pla-</span> 
     </span>
     <span class='ocr_line' id='line_1_28' title="bbox 76 1718 729 1756; baseline 0 -1"><span class='ocrx_word' id='word_1_141' title='bbox 76 1719 150 1756; x_wconf 83' lang='lat' dir='ltr'>cuit</span> <span class='ocrx_word' id='word_1_142' title='bbox 171 1718 329 1755; x_wconf 88' lang='lat' dir='ltr'>Buherio</span> <span class='ocrx_word' id='word_1_143' title='bbox 359 1719 445 1754; x_wconf 88' lang='lat' dir='ltr'>diss.</span> <span class='ocrx_word' id='word_1_144' title='bbox 471 1718 636 1755; x_wconf 88' lang='lat' dir='ltr'>Herodd.</span> <span class='ocrx_word' id='word_1_145' title='bbox 662 1718 729 1755; x_wconf 89' lang='lat' dir='ltr'>Vll</span> 
     </span>
     <span class='ocr_line' id='line_1_29' title="bbox 76 1774 733 1825; baseline 0 -14"><span class='ocrx_word' id='word_1_146' title='bbox 76 1787 162 1825; x_wconf 85' lang='lat' dir='ltr'>pag.</span> <span class='ocrx_word' id='word_1_147' title='bbox 183 1777 249 1815; x_wconf 91' lang='lat'>70.</span> <span class='ocrx_word' id='word_1_148' title='bbox 307 1774 395 1811; x_wconf 90' lang='lat' dir='ltr'>Aliis</span> <span class='ocrx_word' id='word_1_149' title='bbox 414 1774 614 1811; x_wconf 82' lang='lat' dir='ltr'>rationibus</span> <span class='ocrx_word' id='word_1_150' title='bbox 637 1775 733 1811; x_wconf 87' lang='lat' dir='ltr'>ducti</span> 
     </span>
     <span class='ocr_line' id='line_1_30' title="bbox 75 1830 730 1880; baseline -0.002 -12"><span class='ocrx_word' id='word_1_151' title='bbox 75 1830 279 1868; x_wconf 90' lang='lat' dir='ltr'>Larcherus</span> <span class='ocrx_word' id='word_1_152' title='bbox 306 1831 352 1878; x_wconf 88' lang='lat' dir='ltr'>(t.</span> <span class='ocrx_word' id='word_1_153' title='bbox 366 1831 433 1867; x_wconf 84' lang='lat' dir='ltr'>Vll</span> <span class='ocrx_word' id='word_1_154' title='bbox 452 1844 488 1880; x_wconf 88' lang='lat' dir='ltr'>p.</span> <span class='ocrx_word' id='word_1_155' title='bbox 503 1833 582 1871; x_wconf 83' lang='lat'>108</span> <span class='ocrx_word' id='word_1_156' title='bbox 605 1832 730 1879; x_wconf 83' lang='lat' dir='ltr'><strong>seqq.)</strong></span> 
     </span>
     <span class='ocr_line' id='line_1_31' title="bbox 75 1885 730 1937; baseline 0.002 -12"><span class='ocrx_word' id='word_1_157' title='bbox 75 1891 113 1925; x_wconf 90' lang='lat' dir='ltr'>et</span> <span class='ocrx_word' id='word_1_158' title='bbox 134 1887 282 1925; x_wconf 90' lang='lat' dir='ltr'>Reizius</span> <span class='ocrx_word' id='word_1_159' title='bbox 300 1888 541 1937; x_wconf 89' lang='lat' dir='ltr'>scripserunt:</span> <span class='ocrx_word' id='word_1_160' title='bbox 561 1886 645 1926; x_wconf 75' lang='grc' dir='ltr'><em>ἔτεα</em></span> <span class='ocrx_word' id='word_1_161' title='bbox 664 1885 730 1926; x_wconf 79' lang='grc' dir='ltr'>ἐπὶ</span> 
     </span>
     <span class='ocr_line' id='line_1_32' title="bbox 71 1939 729 1995; baseline -0.005 -12"><span class='ocrx_word' id='word_1_162' title='bbox 71 1943 179 1983; x_wconf 83' lang='grc' dir='ltr'><em>πλέω</em></span> <span class='ocrx_word' id='word_1_163' title='bbox 215 1939 244 1995; x_wconf 75' lang='grc' dir='ltr'><em>ἢ</em></span> <span class='ocrx_word' id='word_1_164' title='bbox 273 1939 610 1991; x_wconf 81' lang='grc' dir='ltr'><em>πεντακόσια,</em></span> <span class='ocrx_word' id='word_1_165' title='bbox 656 1957 729 1993; x_wconf 86' lang='lat' dir='ltr'>quo</span> 
     </span>
     <span class='ocr_line' id='line_1_33' title="bbox 71 2000 728 2049; baseline -0.003 -11"><span class='ocrx_word' id='word_1_166' title='bbox 71 2001 239 2038; x_wconf 87' lang='lat' dir='ltr'>nimirum</span> <span class='ocrx_word' id='word_1_167' title='bbox 258 2002 350 2038; x_wconf 92' lang='lat' dir='ltr'>ratio</span> <span class='ocrx_word' id='word_1_168' title='bbox 379 2000 636 2049; x_wconf 85' lang='lat' dir='ltr'>chronologica</span> <span class='ocrx_word' id='word_1_169' title='bbox 660 2001 728 2037; x_wconf 83' lang='lat' dir='ltr'>sibi</span> 
     </span>
     <span class='ocr_line' id='line_1_34' title="bbox 72 2057 727 2095; baseline 0 -1"><span class='ocrx_word' id='word_1_170' title='bbox 72 2061 268 2095; x_wconf 87' lang='lat' dir='ltr'>constaret.</span> <span class='ocrx_word' id='word_1_171' title='bbox 323 2057 405 2095; x_wconf 79' lang='lat' dir='ltr'>Nos</span> <span class='ocrx_word' id='word_1_172' title='bbox 429 2062 552 2094; x_wconf 90' lang='lat' dir='ltr'>tamen</span> <span class='ocrx_word' id='word_1_173' title='bbox 585 2059 621 2094; x_wconf 90' lang='lat' dir='ltr'>in</span> <span class='ocrx_word' id='word_1_174' title='bbox 648 2057 727 2094; x_wconf 89' lang='lat' dir='ltr'>He-</span> 
     </span>
     <span class='ocr_line' id='line_1_35' title="bbox 71 2114 727 2162; baseline -0.002 -12"><span class='ocrx_word' id='word_1_175' title='bbox 71 2114 194 2151; x_wconf 90' lang='lat' dir='ltr'>rodoti</span> <span class='ocrx_word' id='word_1_176' title='bbox 213 2118 314 2151; x_wconf 81' lang='lat' dir='ltr'>textu</span> <span class='ocrx_word' id='word_1_177' title='bbox 330 2115 368 2151; x_wconf 94' lang='lat' dir='ltr'>id</span> <span class='ocrx_word' id='word_1_178' title='bbox 388 2114 613 2161; x_wconf 80' lang='lat' dir='ltr'>retinuimus,</span> <span class='ocrx_word' id='word_1_179' title='bbox 626 2114 727 2162; x_wconf 92' lang='lat' dir='ltr'>quod</span> 
     </span>
     <span class='ocr_line' id='line_1_36' title="bbox 72 2170 724 2221; baseline 0.002 -14"><span class='ocrx_word' id='word_1_180' title='bbox 72 2183 198 2207; x_wconf 90' lang='lat' dir='ltr'>omnes</span> <span class='ocrx_word' id='word_1_181' title='bbox 215 2171 441 2221; x_wconf 81' lang='lat' dir='ltr'><strong>praebebant</strong></span> <span class='ocrx_word' id='word_1_182' title='bbox 472 2171 553 2207; x_wconf 84' lang='lat' dir='ltr'>libri</span> <span class='ocrx_word' id='word_1_183' title='bbox 580 2170 724 2220; x_wconf 89' lang='lat' dir='ltr'>scripti:</span> 
     </span>
     <span class='ocr_line' id='line_1_37' title="bbox 74 2222 722 2277; baseline -0.003 -11"><span class='ocrx_word' id='word_1_184' title='bbox 74 2225 160 2266; x_wconf 74' lang='grc' dir='ltr'><em>ἕτεα</em></span> <span class='ocrx_word' id='word_1_185' title='bbox 172 2225 238 2266; x_wconf 78' lang='grc' dir='ltr'>ἐπὶ</span> <span class='ocrx_word' id='word_1_186' title='bbox 257 2225 362 2266; x_wconf 82' lang='grc' dir='ltr'><em>πλέω</em></span> <span class='ocrx_word' id='word_1_187' title='bbox 380 2222 409 2277; x_wconf 72' lang='grc' dir='ltr'><em>ἢ</em></span> <span class='ocrx_word' id='word_1_188' title='bbox 431 2225 585 2266; x_wconf 81' lang='grc' dir='ltr'><em>ἕπτακ</em></span> <span class='ocrx_word' id='word_1_189' title='bbox 601 2224 722 2267; x_wconf 92' lang='grc' dir='ltr'><em>όσια.</em></span> 
     </span>
     <span class='ocr_line' id='line_1_38' title="bbox 71 2283 724 2333; baseline 0.002 -13"><span class='ocrx_word' id='word_1_190' title='bbox 71 2283 195 2321; x_wconf 92' lang='lat' dir='ltr'>Nolim</span> <span class='ocrx_word' id='word_1_191' title='bbox 223 2284 319 2321; x_wconf 89' lang='lat' dir='ltr'>enim</span> <span class='ocrx_word' id='word_1_192' title='bbox 349 2284 448 2320; x_wconf 87' lang='lat' dir='ltr'>libris</span> <span class='ocrx_word' id='word_1_193' title='bbox 474 2284 592 2321; x_wconf 79' lang='lat' dir='ltr'>invitis</span> <span class='ocrx_word' id='word_1_194' title='bbox 615 2285 724 2333; x_wconf 90' lang='lat' dir='ltr'>quid-</span> 
     </span>
     <span class='ocr_line' id='line_1_39' title="bbox 73 2341 723 2390; baseline 0.002 -14"><span class='ocrx_word' id='word_1_195' title='bbox 73 2352 182 2389; x_wconf 84' lang='lat' dir='ltr'>quam</span> <span class='ocrx_word' id='word_1_196' title='bbox 209 2345 349 2379; x_wconf 89' lang='lat' dir='ltr'>mutare</span> <span class='ocrx_word' id='word_1_197' title='bbox 376 2341 413 2377; x_wconf 89' lang='lat' dir='ltr'>in</span> <span class='ocrx_word' id='word_1_198' title='bbox 442 2341 506 2388; x_wconf 87' lang='lat' dir='ltr'>iis,</span> <span class='ocrx_word' id='word_1_199' title='bbox 536 2354 630 2390; x_wconf 89' lang='lat' dir='ltr'>quae</span> <span class='ocrx_word' id='word_1_200' title='bbox 655 2341 723 2378; x_wconf 86' lang='lat' dir='ltr'>mi-</span> 
     </span>
     <span class='ocr_line' id='line_1_40' title="bbox 71 2396 724 2435; baseline 0.002 -2"><span class='ocrx_word' id='word_1_201' title='bbox 71 2396 167 2434; x_wconf 90' lang='lat' dir='ltr'>nime</span> <span class='ocrx_word' id='word_1_202' title='bbox 191 2401 289 2434; x_wconf 88' lang='lat' dir='ltr'>certa</span> <span class='ocrx_word' id='word_1_203' title='bbox 319 2398 513 2434; x_wconf 85' lang='lat' dir='ltr'>videantur</span> <span class='ocrx_word' id='word_1_204' title='bbox 552 2411 620 2435; x_wconf 91' lang='lat' dir='ltr'>nec</span> <span class='ocrx_word' id='word_1_205' title='bbox 656 2411 724 2434; x_wconf 86' lang='lat' dir='ltr'>un-</span> 
     </span>
     <span class='ocr_line' id='line_1_41' title="bbox 72 2453 725 2504; baseline 0.002 -15"><span class='ocrx_word' id='word_1_206' title='bbox 72 2465 180 2501; x_wconf 87' lang='lat' dir='ltr'>quam</span> <span class='ocrx_word' id='word_1_207' title='bbox 197 2454 245 2490; x_wconf 89' lang='lat' dir='ltr'>ad</span> <span class='ocrx_word' id='word_1_208' title='bbox 263 2453 442 2503; x_wconf 87' lang='lat' dir='ltr'>liquidum</span> <span class='ocrx_word' id='word_1_209' title='bbox 460 2455 609 2504; x_wconf 90' lang='lat' dir='ltr'>perduci</span> <span class='ocrx_word' id='word_1_210' title='bbox 634 2467 725 2503; x_wconf 89' lang='lat' dir='ltr'>que-</span> 
     </span>
     <span class='ocr_line' id='line_1_42' title="bbox 71 2510 725 2558; baseline 0.006 -14"><span class='ocrx_word' id='word_1_211' title='bbox 71 2513 146 2545; x_wconf 89' lang='lat' dir='ltr'>ant.</span> <span class='ocrx_word' id='word_1_212' title='bbox 210 2510 439 2548; x_wconf 88' lang='lat' dir='ltr'>Herodotum</span> <span class='ocrx_word' id='word_1_213' title='bbox 468 2511 586 2558; x_wconf 87' lang='lat' dir='ltr'>enim,</span> <span class='ocrx_word' id='word_1_214' title='bbox 625 2511 725 2549; x_wconf 87' lang='lat' dir='ltr'>cuius</span> 
     </span>
     <span class='ocr_line' id='line_1_43' title="bbox 72 2565 725 2616; baseline 0.008 -16"><span class='ocrx_word' id='word_1_215' title='bbox 72 2565 210 2602; x_wconf 85' lang='lat' dir='ltr'>numeri</span> <span class='ocrx_word' id='word_1_216' title='bbox 230 2566 287 2603; x_wconf 88' lang='lat' dir='ltr'>hic</span> <span class='ocrx_word' id='word_1_217' title='bbox 310 2568 434 2616; x_wconf 90' lang='lat' dir='ltr'>utique</span> <span class='ocrx_word' id='word_1_218' title='bbox 456 2568 572 2604; x_wconf 89' lang='lat' dir='ltr'>minus</span> <span class='ocrx_word' id='word_1_219' title='bbox 592 2580 725 2605; x_wconf 88' lang='lat' dir='ltr'>conve-</span> 
     </span>
     <span class='ocr_line' id='line_1_44' title="bbox 73 2620 724 2671; baseline 0.008 -15"><span class='ocrx_word' id='word_1_220' title='bbox 73 2620 197 2669; x_wconf 88' lang='lat' dir='ltr'>niant,</span> <span class='ocrx_word' id='word_1_221' title='bbox 226 2624 286 2671; x_wconf 90' lang='lat' dir='ltr'>qui</span> <span class='ocrx_word' id='word_1_222' title='bbox 304 2637 383 2660; x_wconf 91' lang='lat' dir='ltr'>cum</span> <span class='ocrx_word' id='word_1_223' title='bbox 405 2623 481 2661; x_wconf 83' lang='lat' dir='ltr'>aliis</span> <span class='ocrx_word' id='word_1_224' title='bbox 501 2626 552 2661; x_wconf 89' lang='lat' dir='ltr'>ita</span> <span class='ocrx_word' id='word_1_225' title='bbox 578 2625 615 2660; x_wconf 90' lang='lat' dir='ltr'>in</span> <span class='ocrx_word' id='word_1_226' title='bbox 636 2638 724 2662; x_wconf 91' lang='lat' dir='ltr'>con-</span> 
     </span>
     <span class='ocr_line' id='line_1_45' title="bbox 73 2677 726 2729; baseline 0.008 -17"><span class='ocrx_word' id='word_1_227' title='bbox 73 2677 231 2714; x_wconf 86' lang='lat' dir='ltr'>cordiam</span> <span class='ocrx_word' id='word_1_228' title='bbox 255 2680 423 2729; x_wconf 82' lang='lat' dir='ltr'>redigere</span> <span class='ocrx_word' id='word_1_229' title='bbox 441 2681 539 2727; x_wconf 86' lang='lat' dir='ltr'>velit,</span> <span class='ocrx_word' id='word_1_230' title='bbox 568 2686 607 2717; x_wconf 87' lang='lat' dir='ltr'>ut</span> <span class='ocrx_word' id='word_1_231' title='bbox 627 2685 726 2719; x_wconf 90' lang='lat' dir='ltr'>certa</span> 
     </span>
     <span class='ocr_line' id='line_1_46' title="bbox 73 2735 723 2787; baseline 0.009 -19"><span class='ocrx_word' id='word_1_232' title='bbox 73 2744 180 2780; x_wconf 91' lang='lat' dir='ltr'>quam</span> <span class='ocrx_word' id='word_1_233' title='bbox 223 2735 473 2774; x_wconf 87' lang='lat' dir='ltr'>desideramus</span> <span class='ocrx_word' id='word_1_234' title='bbox 518 2741 723 2787; x_wconf 88' lang='lat' dir='ltr'>temporum</span> 
     </span>
     <span class='ocr_line' id='line_1_47' title="bbox 74 2788 722 2842; baseline 0.012 -19"><span class='ocrx_word' id='word_1_235' title='bbox 74 2788 167 2825; x_wconf 86' lang='lat' dir='ltr'>ratio</span> <span class='ocrx_word' id='word_1_236' title='bbox 184 2793 221 2826; x_wconf 89' lang='lat' dir='ltr'>et</span> <span class='ocrx_word' id='word_1_237' title='bbox 241 2792 464 2841; x_wconf 85' lang='lat' dir='ltr'>singulorum</span> <span class='ocrx_word' id='word_1_238' title='bbox 486 2807 614 2842; x_wconf 86' lang='lat' dir='ltr'>regum</span> <span class='ocrx_word' id='word_1_239' title='bbox 631 2795 722 2831; x_wconf 88' lang='lat' dir='ltr'>ordo</span> 
     </span>
     <span class='ocr_line' id='line_1_48' title="bbox 74 2845 721 2895; baseline 0.012 -16"><span class='ocrx_word' id='word_1_240' title='bbox 74 2845 311 2884; x_wconf 81' lang='lat' dir='ltr'>constituatur</span> <span class='ocrx_word' id='word_1_241' title='bbox 327 2877 338 2895; x_wconf 89' lang='lat'>‚</span> <span class='ocrx_word' id='word_1_242' title='bbox 376 2849 409 2886; x_wconf 88' lang='lat' dir='ltr'>ei</span> <span class='ocrx_word' id='word_1_243' title='bbox 436 2863 564 2887; x_wconf 80' lang='lat' dir='ltr'>vereor</span> <span class='ocrx_word' id='word_1_244' title='bbox 594 2855 635 2888; x_wconf 93' lang='lat' dir='ltr'>ut</span> <span class='ocrx_word' id='word_1_245' title='bbox 663 2864 721 2887; x_wconf 90' lang='lat' dir='ltr'>res</span> 
     </span>
     <span class='ocr_line' id='line_1_49' title="bbox 76 2901 722 2951; baseline 0.011 -15"><span class='ocrx_word' id='word_1_246' title='bbox 76 2901 265 2951; x_wconf 89' lang='lat' dir='ltr'>succedat,</span> <span class='ocrx_word' id='word_1_247' title='bbox 285 2905 346 2942; x_wconf 87' lang='lat' dir='ltr'>ubi</span> <span class='ocrx_word' id='word_1_248' title='bbox 358 2908 483 2943; x_wconf 82' lang='lat' dir='ltr'>tantae</span> <span class='ocrx_word' id='word_1_249' title='bbox 501 2907 632 2945; x_wconf 84' lang='lat' dir='ltr'>turbae</span> <span class='ocrx_word' id='word_1_250' title='bbox 654 2907 722 2943; x_wconf 92' lang='lat' dir='ltr'>ob-</span> 
     </span>
    </p>
   </div>
   <div class='ocr_carea' id='block_1_13' title="bbox 794 1040 1466 2210">
    <p class='ocr_par' dir='ltr' id='par_1_13' title="bbox 803 1040 1466 1314">
     <span class='ocr_line' id='line_1_50' title="bbox 807 1040 1465 1090; baseline 0.003 -14"><span class='ocrx_word' id='word_1_251' title='bbox 807 1040 956 1078; x_wconf 88' lang='lat' dir='ltr'>veniant</span> <span class='ocrx_word' id='word_1_252' title='bbox 984 1044 1112 1090; x_wconf 90' lang='lat' dir='ltr'>totque</span> <span class='ocrx_word' id='word_1_253' title='bbox 1133 1041 1347 1078; x_wconf 87' lang='lat' dir='ltr'>oboriantur</span> <span class='ocrx_word' id='word_1_254' title='bbox 1368 1041 1465 1078; x_wconf 83' lang='lat' dir='ltr'>diffi-</span> 
     </span>
     <span class='ocr_line' id='line_1_51' title="bbox 806 1096 1466 1147; baseline 0.002 -14"><span class='ocrx_word' id='word_1_255' title='bbox 806 1096 971 1146; x_wconf 88' lang='lat' dir='ltr'>cultates,</span> <span class='ocrx_word' id='word_1_256' title='bbox 995 1110 1102 1147; x_wconf 91' lang='lat' dir='ltr'>quam</span> <span class='ocrx_word' id='word_1_257' title='bbox 1123 1097 1159 1134; x_wconf 89' lang='lat' dir='ltr'>in</span> <span class='ocrx_word' id='word_1_258' title='bbox 1179 1101 1282 1134; x_wconf 87' lang='lat' dir='ltr'>tanta</span> <span class='ocrx_word' id='word_1_259' title='bbox 1301 1098 1466 1134; x_wconf 87' lang='lat' dir='ltr'>testimo-</span> 
     </span>
     <span class='ocr_line' id='line_1_52' title="bbox 805 1154 1463 1204; baseline 0.003 -15"><span class='ocrx_word' id='word_1_260' title='bbox 805 1154 947 1190; x_wconf 87' lang='lat' dir='ltr'>niorum</span> <span class='ocrx_word' id='word_1_261' title='bbox 973 1159 1010 1192; x_wconf 91' lang='lat' dir='ltr'>et</span> <span class='ocrx_word' id='word_1_262' title='bbox 1035 1154 1160 1204; x_wconf 88' lang='lat' dir='ltr'>inopia</span> <span class='ocrx_word' id='word_1_263' title='bbox 1188 1159 1224 1191; x_wconf 90' lang='lat' dir='ltr'>et</span> <span class='ocrx_word' id='word_1_264' title='bbox 1251 1155 1463 1204; x_wconf 78' lang='lat' dir='ltr'>discrepan-</span> 
     </span>
     <span class='ocr_line' id='line_1_53' title="bbox 804 1209 1461 1260; baseline 0.002 -14"><span class='ocrx_word' id='word_1_265' title='bbox 804 1209 857 1246; x_wconf 87' lang='lat' dir='ltr'>tia</span> <span class='ocrx_word' id='word_1_266' title='bbox 878 1210 1006 1248; x_wconf 89' lang='lat' dir='ltr'>tollere</span> <span class='ocrx_word' id='word_1_267' title='bbox 1028 1223 1202 1260; x_wconf 88' lang='lat' dir='ltr'>nequeas.</span> <span class='ocrx_word' id='word_1_268' title='bbox 1241 1210 1348 1247; x_wconf 90' lang='lat' dir='ltr'>Conf.</span> <span class='ocrx_word' id='word_1_269' title='bbox 1368 1215 1461 1248; x_wconf 90' lang='lat' dir='ltr'>nott.</span> 
     </span>
     <span class='ocr_line' id='line_1_54' title="bbox 803 1266 1460 1314; baseline 0.002 -11"><span class='ocrx_word' id='word_1_270' title='bbox 803 1267 851 1303; x_wconf 87' lang='lat' dir='ltr'>ad</span> <span class='ocrx_word' id='word_1_271' title='bbox 870 1266 914 1313; x_wconf 86' lang='lat' dir='ltr'>Il,</span> <span class='ocrx_word' id='word_1_272' title='bbox 928 1268 1007 1308; x_wconf 87' lang='grc'>137</span> <span class='ocrx_word' id='word_1_273' title='bbox 1029 1272 1066 1304; x_wconf 91' lang='lat' dir='ltr'>et</span> <span class='ocrx_word' id='word_1_274' title='bbox 1085 1280 1222 1304; x_wconf 86' lang='lat' dir='ltr'>excurs.</span> <span class='ocrx_word' id='word_1_275' title='bbox 1236 1267 1284 1303; x_wconf 90' lang='lat' dir='ltr'>ad</span> <span class='ocrx_word' id='word_1_276' title='bbox 1308 1267 1353 1314; x_wconf 85' lang='lat' dir='ltr'>ll,</span> <span class='ocrx_word' id='word_1_277' title='bbox 1370 1267 1460 1308; x_wconf 83' lang='lat'><strong>141.</strong></span> 
     </span>
    </p>

    <p class='ocr_par' dir='ltr' id='par_1_14' title="bbox 794 1319 1463 2210">
     <span class='ocr_line' id='line_1_55' title="bbox 862 1319 1463 1374; baseline 0 -13"><span class='ocrx_word' id='word_1_278' title='bbox 862 1319 1017 1374; x_wconf 76' lang='grc' dir='ltr'><em>οὕνομα</em></span> <span class='ocrx_word' id='word_1_279' title='bbox 1037 1344 1094 1351; x_wconf 93' lang='lat'>-—</span> <span class='ocrx_word' id='word_1_280' title='bbox 1121 1319 1273 1374; x_wconf 74' lang='grc' dir='ltr'><em>Ἐλβώ]</em></span> <span class='ocrx_word' id='word_1_281' title='bbox 1321 1323 1380 1360; x_wconf 91' lang='lat' dir='ltr'>Ad</span> <span class='ocrx_word' id='word_1_282' title='bbox 1409 1323 1463 1361; x_wconf 86' lang='lat' dir='ltr'>la-</span> 
     </span>
     <span class='ocr_line' id='line_1_56' title="bbox 803 1379 1462 1429; baseline 0.002 -13"><span class='ocrx_word' id='word_1_283' title='bbox 803 1392 908 1427; x_wconf 77' lang='lat' dir='ltr'>cum,</span> <span class='ocrx_word' id='word_1_284' title='bbox 938 1381 1000 1429; x_wconf 90' lang='lat' dir='ltr'>qui</span> <span class='ocrx_word' id='word_1_285' title='bbox 1027 1393 1124 1417; x_wconf 89' lang='lat' dir='ltr'>nunc</span> <span class='ocrx_word' id='word_1_286' title='bbox 1142 1385 1291 1417; x_wconf 89' lang='lat' dir='ltr'>vocatur</span> <span class='ocrx_word' id='word_1_287' title='bbox 1308 1379 1462 1417; x_wconf 82' lang='lat' dir='ltr'>Menza-</span> 
     </span>
     <span class='ocr_line' id='line_1_57' title="bbox 803 1435 1462 1487; baseline 0.002 -16"><span class='ocrx_word' id='word_1_288' title='bbox 803 1435 855 1472; x_wconf 75' lang='lat' dir='ltr'>leh</span> <span class='ocrx_word' id='word_1_289' title='bbox 877 1465 887 1483; x_wconf 90' lang='lat'>‚</span> <span class='ocrx_word' id='word_1_290' title='bbox 927 1436 1021 1473; x_wconf 87' lang='lat' dir='ltr'>hanc</span> <span class='ocrx_word' id='word_1_291' title='bbox 1046 1436 1198 1474; x_wconf 87' lang='lat' dir='ltr'>insulam</span> <span class='ocrx_word' id='word_1_292' title='bbox 1221 1436 1462 1487; x_wconf 84' lang='lat' dir='ltr'>probabiliter</span> 
     </span>
     <span class='ocr_line' id='line_1_58' title="bbox 801 1492 1460 1543; baseline 0 -14"><span class='ocrx_word' id='word_1_293' title='bbox 801 1494 912 1530; x_wconf 89' lang='lat' dir='ltr'>refert</span> <span class='ocrx_word' id='word_1_294' title='bbox 938 1492 1123 1531; x_wconf 87' lang='lat' dir='ltr'>Mannert.</span> <span class='ocrx_word' id='word_1_295' title='bbox 1155 1495 1295 1543; x_wconf 86' lang='lat' dir='ltr'>Geogr.</span> <span class='ocrx_word' id='word_1_296' title='bbox 1327 1494 1362 1530; x_wconf 90' lang='lat' dir='ltr'>d.</span> <span class='ocrx_word' id='word_1_297' title='bbox 1393 1493 1460 1530; x_wconf 88' lang='lat' dir='ltr'>Gr.</span> 
     </span>
     <span class='ocr_line' id='line_1_59' title="bbox 799 1549 1459 1600; baseline 0 -15"><span class='ocrx_word' id='word_1_298' title='bbox 799 1562 834 1585; x_wconf 92' lang='lat' dir='ltr'>u.</span> <span class='ocrx_word' id='word_1_299' title='bbox 857 1549 965 1586; x_wconf 73' lang='lat' dir='ltr'>Rom.</span> <span class='ocrx_word' id='word_1_300' title='bbox 1000 1550 1058 1597; x_wconf 82' lang='lat' dir='ltr'>X,</span> <span class='ocrx_word' id='word_1_301' title='bbox 1092 1553 1113 1591; x_wconf 86' lang='lat'>1</span> <span class='ocrx_word' id='word_1_302' title='bbox 1150 1563 1236 1600; x_wconf 86' lang='lat' dir='ltr'>pag.</span> <span class='ocrx_word' id='word_1_303' title='bbox 1269 1551 1350 1590; x_wconf 83' lang='lat'>583</span> <span class='ocrx_word' id='word_1_304' title='bbox 1380 1562 1459 1598; x_wconf 89' lang='lat' dir='ltr'>seq.</span> 
     </span>
     <span class='ocr_line' id='line_1_60' title="bbox 798 1605 1460 1656; baseline 0.002 -14"><span class='ocrx_word' id='word_1_305' title='bbox 798 1605 901 1644; x_wconf 91' lang='lat' dir='ltr'>Idem</span> <span class='ocrx_word' id='word_1_306' title='bbox 942 1607 1067 1652; x_wconf 90' lang='lat' dir='ltr'>addit,</span> <span class='ocrx_word' id='word_1_307' title='bbox 1106 1607 1290 1656; x_wconf 88' lang='lat' dir='ltr'>hodieque</span> <span class='ocrx_word' id='word_1_308' title='bbox 1322 1605 1460 1643; x_wconf 87' lang='lat' dir='ltr'>incolas</span> 
     </span>
     <span class='ocr_line' id='line_1_61' title="bbox 798 1662 1460 1713; baseline -0.002 -15"><span class='ocrx_word' id='word_1_309' title='bbox 798 1662 998 1700; x_wconf 87' lang='lat' dir='ltr'>insularum</span> <span class='ocrx_word' id='word_1_310' title='bbox 1018 1662 1123 1700; x_wconf 90' lang='lat' dir='ltr'>huius</span> <span class='ocrx_word' id='word_1_311' title='bbox 1148 1663 1271 1710; x_wconf 87' lang='lat' dir='ltr'>lacus,</span> <span class='ocrx_word' id='word_1_312' title='bbox 1301 1662 1460 1713; x_wconf 84' lang='lat' dir='ltr'>piscato-</span> 
     </span>
     <span class='ocr_line' id='line_1_62' title="bbox 799 1719 1458 1770; baseline 0.002 -15"><span class='ocrx_word' id='word_1_313' title='bbox 799 1732 858 1755; x_wconf 85' lang='lat' dir='ltr'>res</span> <span class='ocrx_word' id='word_1_314' title='bbox 894 1720 1089 1756; x_wconf 89' lang='lat' dir='ltr'>maximam</span> <span class='ocrx_word' id='word_1_315' title='bbox 1120 1726 1283 1770; x_wconf 82' lang='lat' dir='ltr'>partem,</span> <span class='ocrx_word' id='word_1_316' title='bbox 1322 1719 1458 1756; x_wconf 86' lang='lat' dir='ltr'>liberos</span> 
     </span>
     <span class='ocr_line' id='line_1_63' title="bbox 799 1776 1458 1825; baseline 0.002 -15"><span class='ocrx_word' id='word_1_317' title='bbox 799 1777 1067 1824; x_wconf 85' lang='lat' dir='ltr'>propemodum</span> <span class='ocrx_word' id='word_1_318' title='bbox 1091 1789 1172 1812; x_wconf 90' lang='lat' dir='ltr'>esse</span> <span class='ocrx_word' id='word_1_319' title='bbox 1191 1776 1370 1821; x_wconf 83' lang='lat' dir='ltr'>homines,</span> <span class='ocrx_word' id='word_1_320' title='bbox 1392 1788 1458 1825; x_wconf 90' lang='lat' dir='ltr'>pa-</span> 
     </span>
     <span class='ocr_line' id='line_1_64' title="bbox 797 1831 1457 1880; baseline 0.002 -13"><span class='ocrx_word' id='word_1_321' title='bbox 797 1831 941 1868; x_wconf 87' lang='lat' dir='ltr'>ludibus</span> <span class='ocrx_word' id='word_1_322' title='bbox 965 1844 1008 1868; x_wconf 91' lang='lat' dir='ltr'>ac</span> <span class='ocrx_word' id='word_1_323' title='bbox 1027 1833 1165 1880; x_wconf 86' lang='lat' dir='ltr'>stagnis</span> <span class='ocrx_word' id='word_1_324' title='bbox 1187 1833 1388 1869; x_wconf 86' lang='lat' dir='ltr'>tutissimos</span> <span class='ocrx_word' id='word_1_325' title='bbox 1410 1833 1457 1868; x_wconf 84' lang='lat' dir='ltr'>ab</span> 
     </span>
     <span class='ocr_line' id='line_1_65' title="bbox 798 1888 1455 1939; baseline 0 -15"><span class='ocrx_word' id='word_1_326' title='bbox 798 1888 894 1924; x_wconf 90' lang='lat' dir='ltr'>omni</span> <span class='ocrx_word' id='word_1_327' title='bbox 912 1889 1062 1939; x_wconf 89' lang='lat' dir='ltr'>impetu.</span> <span class='ocrx_word' id='word_1_328' title='bbox 1092 1888 1296 1925; x_wconf 88' lang='lat' dir='ltr'>Larcherus</span> <span class='ocrx_word' id='word_1_329' title='bbox 1313 1892 1356 1934; x_wconf 92' lang='lat' dir='ltr'>(t.</span> <span class='ocrx_word' id='word_1_330' title='bbox 1375 1888 1455 1924; x_wconf 80' lang='lat' dir='ltr'>Vlll</span> 
     </span>
     <span class='ocr_line' id='line_1_66' title="bbox 796 1944 1455 1995; baseline 0 -15"><span class='ocrx_word' id='word_1_331' title='bbox 796 1958 833 1995; x_wconf 89' lang='lat' dir='ltr'>p.</span> <span class='ocrx_word' id='word_1_332' title='bbox 857 1946 961 1991; x_wconf 80' lang='lat'>242)</span> <span class='ocrx_word' id='word_1_333' title='bbox 988 1945 1034 1981; x_wconf 90' lang='lat' dir='ltr'>ad</span> <span class='ocrx_word' id='word_1_334' title='bbox 1053 1944 1268 1994; x_wconf 85' lang='lat' dir='ltr'>paludosam</span> <span class='ocrx_word' id='word_1_335' title='bbox 1288 1945 1380 1982; x_wconf 86' lang='lat' dir='ltr'>haec</span> <span class='ocrx_word' id='word_1_336' title='bbox 1400 1957 1455 1981; x_wconf 89' lang='lat' dir='ltr'>re-</span> 
     </span>
     <span class='ocr_line' id='line_1_67' title="bbox 796 2001 1456 2050; baseline -0.002 -12"><span class='ocrx_word' id='word_1_337' title='bbox 796 2002 867 2038; x_wconf 86' lang='lat' dir='ltr'>fert</span> <span class='ocrx_word' id='word_1_338' title='bbox 895 2001 1111 2050; x_wconf 81' lang='lat' dir='ltr'>regionem,</span> <span class='ocrx_word' id='word_1_339' title='bbox 1149 2014 1244 2050; x_wconf 91' lang='lat' dir='ltr'>quae</span> <span class='ocrx_word' id='word_1_340' title='bbox 1276 2014 1297 2038; x_wconf 88' lang='lat' dir='ltr'>a</span> <span class='ocrx_word' id='word_1_341' title='bbox 1329 2014 1456 2038; x_wconf 83' lang='lat' dir='ltr'>recen-</span> 
     </span>
     <span class='ocr_line' id='line_1_68' title="bbox 794 2057 1456 2107; baseline 0.002 -14"><span class='ocrx_word' id='word_1_342' title='bbox 794 2057 946 2095; x_wconf 91' lang='lat' dir='ltr'>tioribus</span> <span class='ocrx_word' id='word_1_343' title='bbox 966 2058 1200 2107; x_wconf 79' lang='lat' dir='ltr'>scriptoribus</span> <span class='ocrx_word' id='word_1_344' title='bbox 1214 2058 1356 2095; x_wconf 88' lang='lat' dir='ltr'>dicatur</span> <span class='ocrx_word' id='word_1_345' title='bbox 1367 2057 1456 2094; x_wconf 81' lang='lat' dir='ltr'>Ele-</span> 
     </span>
     <span class='ocr_line' id='line_1_69' title="bbox 794 2111 1453 2162; baseline 0.003 -12"><span class='ocrx_word' id='word_1_346' title='bbox 794 2113 944 2162; x_wconf 71' lang='lat' dir='ltr'>archia,</span> <span class='ocrx_word' id='word_1_347' title='bbox 981 2127 1063 2151; x_wconf 90' lang='lat' dir='ltr'>cum</span> <span class='ocrx_word' id='word_1_348' title='bbox 1088 2115 1281 2152; x_wconf 88' lang='lat' dir='ltr'>Herodoto</span> <span class='ocrx_word' id='word_1_349' title='bbox 1310 2115 1381 2151; x_wconf 90' lang='lat' dir='ltr'>sint</span> <span class='ocrx_word' id='word_1_350' title='bbox 1405 2111 1453 2152; x_wconf 74' lang='grc' dir='ltr'>τοὲ</span> 
     </span>
     <span class='ocr_line' id='line_1_70' title="bbox 795 2169 1452 2210; baseline -0.003 0"><span class='ocrx_word' id='word_1_351' title='bbox 795 2169 892 2210; x_wconf 76' lang='grc' dir='ltr'><em>ἕλεα.</em></span> <span class='ocrx_word' id='word_1_352' title='bbox 950 2170 1032 2208; x_wconf 93' lang='lat' dir='ltr'>Nec</span> <span class='ocrx_word' id='word_1_353' title='bbox 1054 2170 1158 2209; x_wconf 89' lang='lat' dir='ltr'>aliter</span> <span class='ocrx_word' id='word_1_354' title='bbox 1181 2171 1452 2209; x_wconf 86' lang='lat' dir='ltr'>Schlichthorst.</span> 
     </span>
    </p>
   </div>
   <div class='ocr_carea' id='block_1_14' title="bbox 794 2227 1260 2364">
    <p class='ocr_par' dir='ltr' id='par_1_15' title="bbox 794 2227 1260 2364">
     <span class='ocr_line' id='line_1_71' title="bbox 794 2227 1062 2279; baseline 0.004 -15"><span class='ocrx_word' id='word_1_355' title='bbox 794 2227 815 2264; x_wconf 92' lang='lat' dir='ltr'>l.</span> <span class='ocrx_word' id='word_1_356' title='bbox 835 2227 858 2267; x_wconf 86' lang='lat' dir='ltr'>l.</span> <span class='ocrx_word' id='word_1_357' title='bbox 882 2240 968 2279; x_wconf 85' lang='lat' dir='ltr'>pag.</span> <span class='ocrx_word' id='word_1_358' title='bbox 992 2228 1062 2269; x_wconf 87' lang='lat'>65.</span> 
     </span>
     <span class='ocr_line' id='line_1_72' title="bbox 991 2311 1260 2364; baseline -0.004 -14"><span class='ocrx_word' id='word_1_359' title='bbox 991 2312 1099 2364; x_wconf 88' lang='lat' dir='ltr'>Cap.</span> <span class='ocrx_word' id='word_1_360' title='bbox 1129 2311 1260 2350; x_wconf 83' lang='lat' dir='ltr'><strong>CXLI.</strong></span> 
     </span>
    </p>
   </div>
   <div class='ocr_carea' id='block_1_15' title="bbox 790 2392 1452 2945">
    <p class='ocr_par' dir='ltr' id='par_1_16' title="bbox 790 2392 1452 2945">
     <span class='ocr_line' id='line_1_73' title="bbox 848 2392 1451 2451; baseline -0.003 -15"><span class='ocrx_word' id='word_1_361' title='bbox 848 2393 920 2436; x_wconf 75' lang='grc' dir='ltr'><em>τόν</em></span> <span class='ocrx_word' id='word_1_362' title='bbox 951 2395 993 2436; x_wconf 82' lang='grc' dir='ltr'><em>ἕν</em></span> <span class='ocrx_word' id='word_1_363' title='bbox 1028 2392 1213 2451; x_wconf 76' lang='grc' dir='ltr'><em>οἷλογίῃσι</em></span> <span class='ocrx_word' id='word_1_364' title='bbox 1242 2395 1342 2447; x_wconf 72' lang='grc' dir='ltr'><em>ἔχειν</em></span> <span class='ocrx_word' id='word_1_365' title='bbox 1377 2411 1451 2435; x_wconf 83' lang='grc' dir='ltr'>πα-</span> 
     </span>
     <span class='ocr_line' id='line_1_74' title="bbox 793 2449 1452 2506; baseline -0.003 -13"><span class='ocrx_word' id='word_1_366' title='bbox 793 2449 1097 2506; x_wconf 75' lang='grc' dir='ltr'><em>ραχρησάμενον</em></span> <span class='ocrx_word' id='word_1_367' title='bbox 1141 2456 1220 2492; x_wconf 77' lang='grc' dir='ltr'><em>τῶν</em></span> <span class='ocrx_word' id='word_1_368' title='bbox 1267 2453 1452 2504; x_wconf 83' lang='grc' dir='ltr'><em>μαχίμων</em></span> 
     </span>
     <span class='ocr_line' id='line_1_75' title="bbox 791 2509 1450 2563; baseline -0.003 -13"><span class='ocrx_word' id='word_1_369' title='bbox 791 2509 1041 2563; x_wconf 79' lang='grc' dir='ltr'><em>Αἰγυπτίων]</em></span> <span class='ocrx_word' id='word_1_370' title='bbox 1067 2511 1257 2548; x_wconf 87' lang='lat' dir='ltr'>Genitivus</span> <span class='ocrx_word' id='word_1_371' title='bbox 1279 2512 1360 2548; x_wconf 79' lang='grc' dir='ltr'><em>τῶν</em></span> <span class='ocrx_word' id='word_1_372' title='bbox 1379 2525 1450 2560; x_wconf 85' lang='grc' dir='ltr'>μα-</span> 
     </span>
     <span class='ocr_line' id='line_1_76' title="bbox 792 2567 1450 2619; baseline -0.008 -12"><span class='ocrx_word' id='word_1_373' title='bbox 792 2568 918 2619; x_wconf 83' lang='grc' dir='ltr'><em>χίμων</em></span> <span class='ocrx_word' id='word_1_374' title='bbox 935 2581 1015 2605; x_wconf 89' lang='lat' dir='ltr'>cum</span> <span class='ocrx_word' id='word_1_375' title='bbox 1028 2568 1146 2604; x_wconf 89' lang='lat' dir='ltr'>minus</span> <span class='ocrx_word' id='word_1_376' title='bbox 1164 2567 1358 2604; x_wconf 88' lang='lat' dir='ltr'>conveniat</span> <span class='ocrx_word' id='word_1_377' title='bbox 1370 2579 1450 2603; x_wconf 90' lang='lat' dir='ltr'>cum</span> 
     </span>
     <span class='ocr_line' id='line_1_77' title="bbox 790 2620 1451 2675; baseline -0.003 -13"><span class='ocrx_word' id='word_1_378' title='bbox 790 2625 902 2662; x_wconf 80' lang='lat' dir='ltr'>verbo</span> <span class='ocrx_word' id='word_1_379' title='bbox 920 2620 1280 2675; x_wconf 74' lang='grc' dir='ltr'><em>παραχρησάμενον</em></span> <span class='ocrx_word' id='word_1_380' title='bbox 1311 2627 1347 2660; x_wconf 91' lang='lat' dir='ltr'>et</span> <span class='ocrx_word' id='word_1_381' title='bbox 1369 2636 1451 2660; x_wconf 88' lang='lat' dir='ltr'>cum</span> 
     </span>
     <span class='ocr_line' id='line_1_78' title="bbox 791 2675 1450 2734; baseline -0.002 -16"><span class='ocrx_word' id='word_1_382' title='bbox 791 2681 973 2719; x_wconf 88' lang='lat' dir='ltr'>locutione</span> <span class='ocrx_word' id='word_1_383' title='bbox 1013 2680 1056 2720; x_wconf 80' lang='grc' dir='ltr'><em>ἐν</em></span> <span class='ocrx_word' id='word_1_384' title='bbox 1100 2675 1284 2734; x_wconf 65' lang='grc' dir='ltr'><em>ἀλογίῃσι</em></span> <span class='ocrx_word' id='word_1_385' title='bbox 1324 2678 1450 2729; x_wconf 77' lang='grc' dir='ltr'><em>ἔχειν,</em></span> 
     </span>
     <span class='ocr_line' id='line_1_79' title="bbox 792 2735 1449 2788; baseline -0.003 -13"><span class='ocrx_word' id='word_1_386' title='bbox 792 2738 1053 2775; x_wconf 87' lang='lat' dir='ltr'>Valckenarius</span> <span class='ocrx_word' id='word_1_387' title='bbox 1075 2737 1181 2774; x_wconf 88' lang='lat' dir='ltr'>scribi</span> <span class='ocrx_word' id='word_1_388' title='bbox 1203 2735 1280 2772; x_wconf 86' lang='lat' dir='ltr'>vult</span> <span class='ocrx_word' id='word_1_389' title='bbox 1300 2738 1357 2788; x_wconf 75' lang='grc' dir='ltr'>τῷ</span> <span class='ocrx_word' id='word_1_390' title='bbox 1378 2751 1449 2786; x_wconf 88' lang='grc' dir='ltr'>μα-</span> 
     </span>
     <span class='ocr_line' id='line_1_80' title="bbox 790 2788 1451 2848; baseline -0.003 -16"><span class='ocrx_word' id='word_1_391' title='bbox 790 2795 890 2848; x_wconf 81' lang='grc' dir='ltr'><em>χίμῳ</em></span> <span class='ocrx_word' id='word_1_392' title='bbox 920 2794 995 2831; x_wconf 87' lang='lat' dir='ltr'>sive</span> <span class='ocrx_word' id='word_1_393' title='bbox 1021 2790 1067 2832; x_wconf 76' lang='grc' dir='ltr'>τό</span> <span class='ocrx_word' id='word_1_394' title='bbox 1092 2789 1268 2844; x_wconf 75' lang='grc' dir='ltr'><em>μάχιμον</em></span> <span class='ocrx_word' id='word_1_395' title='bbox 1305 2793 1380 2829; x_wconf 88' lang='lat' dir='ltr'>sive</span> <span class='ocrx_word' id='word_1_396' title='bbox 1409 2788 1451 2830; x_wconf 83' lang='grc' dir='ltr'>τὸ</span> 
     </span>
     <span class='ocr_line' id='line_1_81' title="bbox 790 2847 1450 2901; baseline -0.008 -11"><span class='ocrx_word' id='word_1_397' title='bbox 790 2854 871 2890; x_wconf 74' lang='grc' dir='ltr'><em>τῶν</em></span> <span class='ocrx_word' id='word_1_398' title='bbox 891 2851 1072 2901; x_wconf 86' lang='grc' dir='ltr'><em>μαχίμων</em></span> <span class='ocrx_word' id='word_1_399' title='bbox 1100 2850 1173 2887; x_wconf 91' lang='lat' dir='ltr'>scil.</span> <span class='ocrx_word' id='word_1_400' title='bbox 1194 2848 1320 2900; x_wconf 80' lang='grc' dir='ltr'><em>γένος.</em></span> <span class='ocrx_word' id='word_1_401' title='bbox 1368 2847 1450 2886; x_wconf 88' lang='lat' dir='ltr'>Nec</span> 
     </span>
     <span class='ocr_line' id='line_1_82' title="bbox 791 2906 1449 2945; baseline -0.008 0"><span class='ocrx_word' id='word_1_402' title='bbox 791 2911 917 2945; x_wconf 88' lang='lat' dir='ltr'>tamen</span> <span class='ocrx_word' id='word_1_403' title='bbox 953 2907 1063 2945; x_wconf 88' lang='lat' dir='ltr'>ullam</span> <span class='ocrx_word' id='word_1_404' title='bbox 1094 2906 1300 2944; x_wconf 85' lang='lat' dir='ltr'>istiusmodi</span> <span class='ocrx_word' id='word_1_405' title='bbox 1332 2908 1449 2942; x_wconf 85' lang='lat' dir='ltr'>muta-</span> 
     </span>
    </p>
   </div>
  </div>
 </body>
</html>
