1795 3315
634 242 940 282 cL10.1.
1336 249 1421 288 229

161 355 428 413 ἀχαρίστοισι
465 350 602 408 νόμος
639 349 751 396 εἶναι
787 356 902 397 τοῖσι
934 351 1224 411 Ἑλληνικοῖσι
1258 358 1418 399 θεοῖσι.

36 445 99 490 91
155 432 470 491 Ἀπικομένοισι
498 431 545 476 δὲ
573 435 687 475 τοῖσι
715 433 924 487 Λυδοῖσι,
960 431 1034 475 καὶ
1062 430 1240 488 λέγουσι
1267 432 1320 477 τὰ
1350 434 1414 477 έν-
1473 432 1747 470 ΑΡοῙΠΜΠΘΨΜ·

1471 474 1547 500 sum,
1567 467 1644 494 Deos
1662 470 1748 504 culpa

1469 499 1644 534 liberantis,
1670 507 1699 529 et
1718 511 1750 529 o-

156 510 405 568 τεταλμένα,
433 509 513 567 τὴν
540 511 718 567 Πυθίην
749 509 914 566 λέγεται
944 511 1080 555 εἰπεῖν
1107 511 1232 556 τάδε·
1282 513 1412 569 »Τὴν
1468 533 1749 578 ηοιιμεῑιηςψιε-

155 625 180 645 ‚‚
192 590 476 646 πεπρωμένην
504 593 665 646 μοῖραν
708 587 905 633 ἀδύνατά
935 590 1024 634 ἐστι
1052 589 1319 647 ἆποφυγέειν
1338 593 1411 636 καὶ
1424 570 1579 635 Soffiffi'-
1642 568 1748 604 ‘mus’

127 672 292 728 2,,θεῷ.
349 671 539 723 Κροῖσος
567 668 613 712 δὲ
650 668 847 725 πέμπτου
884 668 1039 724 γονέος
1077 667 1304 726 ἁμαρτάδα
1334 671 1414 725 ἐξέ-

153 752 342 805 ,,πλησε,
372 747 420 800 ὃς
449 746 535 792 έών
554 748 809 803 δορυφόρος
831 746 1166 804 Ἡρακλειδέων,
1196 748 1312 807 δόλῳ
1339 768 1414 807 γυ-

150 830 368 887 ,,ναικηΐῳ
397 825 708 884 ἐπισπόμενος,
739 826 949 883 ἐφόνευσε
975 828 1053 873 τὸν
1081 828 1304 883 δεσπότεα,
1333 831 1407 875 καὶ

303 1036 336 1074 C
350 1049 371 1074 a
381 1049 418 1087 p.
447 1033 545 1073 XCI.

150 1116 227 1172 τήν
247 1117 511 1171 πεπρωμένην
532 1122 675 1171 μοῖραν
706 1115 748 1159 α’-

96 1171 246 1216 δύνατά
281 1175 361 1216 ἐστι
406 1170 650 1228 ἆποφυγέειν
679 1175 745 1215 καὶ

94 1232 206 1288 θεῷ]
253 1236 397 1285 μοῖραν
427 1245 506 1270 cum
532 1233 745 1270 Gaisfordio

93 1289 150 1327 hic
176 1302 323 1339 quoque
343 1288 561 1326 restituimus
582 1302 602 1326 e
619 1289 745 1326 melio-

94 1346 192 1383 ribus
217 1345 330 1382 libris.
385 1345 428 1381 In
449 1339 628 1383 ἀδύνατα
660 1345 743 1396 plu-

93 1401 202 1439 ralem
219 1414 285 1451 pro
305 1400 479 1450 singulari
490 1405 594 1438 notat
608 1401 739 1439 Matth.

93 1456 129 1508 ξ.
157 1459 240 1498 443
273 1470 359 1507 pag.
393 1460 487 1499 829.
549 1458 739 1496 Sententia

90 1515 171 1565 ipsa
188 1514 367 1551 veteribus
397 1514 570 1563 frequens
600 1527 739 1552 memo-

91 1574 210 1617 ratur,
241 1574 283 1606 ut
299 1583 430 1618 nemo,
457 1583 523 1607 nec
542 1570 650 1607 homo
670 1584 738 1609 nec

90 1627 169 1677 ipse
185 1626 274 1664 deus
296 1627 410 1663 satum
432 1626 595 1674 effugere
608 1628 738 1677 possit.

89 1683 185 1720 Vide
215 1687 254 1719 tu
288 1695 383 1731 quae
409 1684 579 1731 congessi
609 1683 738 1721 similia

89 1739 137 1776 ad
156 1738 335 1776 Plutarch.
364 1738 492 1787 Pyrrh.
516 1741 569 1780 30
597 1753 633 1790 p.
655 1741 736 1781 236

87 1807 164 1845 seq.
189 1794 254 1832 Cr.
276 1795 379 1832 addit
391 1795 599 1833 Cudworth.
611 1796 739 1844 Syste-

86 1863 146 1888 ma
187 1850 354 1889 intellect.
392 1850 429 1902 ἓ.
460 1851 513 1888 ΙΙΙ
551 1865 588 1902 p.
615 1853 640 1893 5
677 1853 734 1890 ed.

85 1907 263 1945 Moshem.
322 1907 433 1945 Unde
481 1921 556 1945 non
593 1909 735 1955 mirum,

84 1964 178 2001 hunc
193 1964 374 2001 Herodoti
397 1963 514 2001 locum
535 1977 557 2001 a
578 1965 733 2001 nonnul-

85 2020 127 2057 lis
144 2021 244 2057 citari
264 2020 474 2071 posterioris
502 2022 631 2059 aetatis
649 2022 734 2058 scri-

84 2077 246 2127 ptoribus
262 2106 273 2125 ,
302 2090 396 2128 quos
422 2076 559 2115 indicat
581 2078 733 2116 Wesse-

83 2133 228 2183 lingius.

139 2219 313 2269 Κροῖσος
329 2214 372 2257 δὲ
389 2215 569 2269 πέμπτου
594 2216 734 2271 γονέος

84 2269 314 2325 ἆρμαρτοῖδα
351 2273 560 2326 ἐξέπλησε]
598 2271 733 2326 γόνεος

84 2342 178 2367 nunc
195 2331 397 2369 restitutum
417 2345 437 2368 e
454 2332 670 2381 quibusdam
690 2332 732 2368 li-

85 2385 180 2433 bris,
220 2400 299 2424 curn
331 2387 391 2424 alii
428 2389 547 2425 serant
585 2386 732 2441 γενέος,

82 2443 181 2491 quod
214 2443 335 2480 sensui
365 2445 578 2494 refragatur.
633 2444 732 2483 Nam

83 2496 200 2550 γονέα
215 2502 466 2549 progenitorem
504 2501 573 2538 dici
609 2502 732 2538 docuit

85 2553 310 2603 Gronovius,
328 2561 365 2594 et
375 2561 461 2607 post
482 2571 564 2595 eum
583 2557 731 2595 Bellan-

84 2621 160 2657 ger.
170 2637 183 2658 ‚
199 2610 267 2650 hoc
278 2613 437 2662 quinque
454 2614 729 2664 progenitorum

84 2677 232 2703 numero
260 2668 364 2705 simul
385 2674 422 2707 et
447 2671 604 2721 primum
632 2684 732 2708 com-

84 2720 282 2770 prehendi,
320 2724 380 2774 qui
405 2730 550 2775 gentem
577 2727 732 2774 duxerit,

86 2779 124 2813 et
139 2781 355 2827 extremum,
380 2781 419 2819 in
438 2796 512 2832 quo
535 2783 594 2820 illa
612 2783 732 2821 desie-

85 2832 143 2869 rit.
201 2833 275 2870 Iam
302 2836 410 2884 igitur
440 2841 599 2888 quinque
623 2853 731 2888 reges

88 2900 110 2926 e
135 2887 426 2931 Mermnadarum
471 2896 583 2934 domo
627 2902 730 2934 sunt:

818 1035 968 1086 Gyges,
994 1035 1138 1086 Ardys,
1158 1037 1368 1087 Sadyattes‚
1381 1035 1470 1089 Aly-

815 1096 931 1140 attes,
956 1093 1125 1131 Croesus.
1183 1094 1293 1133 Unde
1314 1095 1466 1144 Pythiae

814 1148 1045 1198 intelligimus
1075 1150 1134 1197 (Ι,
1157 1152 1229 1198 13)
1268 1151 1465 1201 oraculum,

813 1205 1008 1242 vindictam
1037 1205 1240 1244 Heraclidis
1276 1212 1466 1246 venturam

813 1274 896 1298 esse
926 1260 965 1307 ἐς
995 1258 1061 1301 τόν
1083 1260 1263 1312 πέμπτον
1287 1258 1464 1314 α’πόγο-

812 1331 903 1356 νον
933 1313 1083 1369 Γύγεω.
1123 1318 1220 1356 Nam
1243 1319 1369 1368 Gyges
1385 1325 1464 1357 erat

810 1374 957 1422 quintus
987 1374 1092 1411 huius
1116 1375 1307 1424 dynastiae
1327 1388 1463 1426 proge-

807 1430 925 1478 nitor,
954 1430 985 1467 si
1005 1443 1027 1468 a
1048 1431 1189 1469 Croeso
1218 1431 1341 1469 ultimo
1362 1436 1460 1470 retro

805 1488 1062 1525 numeraveris

861 1542 920 1581 De
941 1544 1012 1581 ista
1026 1557 1113 1581 vero
1134 1548 1293 1583 veterum
1311 1549 1458 1584 senten-

804 1599 854 1635 tia
865 1628 875 1646 ‚
906 1612 979 1649 qua
996 1601 1171 1637 maiorum
1187 1614 1327 1652 poenas
1344 1614 1458 1653 saepe

805 1668 827 1692 a
850 1657 1009 1705 posteris
1026 1658 1145 1707 expeti
1164 1658 1372 1706 credebant,
1392 1659 1457 1695 Ci-

804 1712 946 1748 ceronis
967 1713 1084 1750 locum
1103 1714 1150 1751 de
1161 1713 1248 1751 Nat.
1267 1714 1378 1752 Deor.
1392 1714 1456 1763 ΙΙΙ,

805 1771 859 1809 38
879 1773 964 1818 apte
982 1769 1053 1806 iam
1072 1770 1232 1807 laudavit
1250 1769 1453 1807 Lareherus

804 1824 988 1874 aliumque
1013 1826 1154 1863 addidit
1182 1827 1309 1863 Bionis
1340 1827 1456 1877 philo-

804 1881 910 1931 sophi
933 1882 1026 1919 hanc
1050 1883 1249 1919 doctrinam
1270 1883 1453 1920 irridentis

803 1938 902 1987 apud
916 1937 1095 1975 Plutarch„
1118 1940 1167 1976 de
1186 1939 1224 1975 S.
1236 1939 1283 1976 N.
1292 1939 1337 1976 V.
1350 1943 1452 1989 p.72

802 1994 859 2031 ed.
871 1993 1059 2042 W'yttenb.
1088 1995 1255 2032 Eandem
1277 1999 1451 2032 damnant

801 2050 894 2087 sacri
928 2050 1146 2089 Iudaeorum
1190 2052 1323 2089 codicis
1358 2052 1452 2100 libri,

798 2106 1001 2145 Deuteron.
1021 2107 1096 2156 24,
1130 2110 1193 2149 16.
1225 2108 1359 2145 Ezeeh.
1386 2106 1452 2155 18,

801 2165 867 2204 20.
924 2163 1086 2202 Haecin
1112 2165 1322 2215 praesentia
1348 2165 1451 2202 suffi-
1499 2187 1502 2188 ν

801 2220 914 2265 ciant3
943 2219 1094 2270 longum
1117 2222 1212 2258 enim
1226 2226 1298 2269 est,
1323 2234 1449 2258 omnes

800 2280 961 2314 veterum
976 2277 1045 2314 hac
1063 2278 1110 2315 de
1129 2291 1168 2315 re
1179 2278 1378 2315 sententias
1390 2291 1448 2315 re-

798 2333 893 2371 ferre
911 2336 947 2371 et
967 2333 1013 2370 ab
1044 2333 1151 2371 huius
1176 2334 1348 2372 editionis
1363 2347 1449 2372 con-

798 2388 877 2426 silio
898 2389 1065 2427 alienum.

855 2441 956 2500 δόλῳ
991 2446 1211 2502 γυναικηΐῳ
1247 2441 1450 2486 ἐπισπό-

800 2518 828 2554 μ
841 2516 892 2541 εν
905 2517 926 2542 ο
939 2501 984 2553 ς]
1027 2505 1050 2541 i.
1078 2518 1109 2542 e.
1150 2503 1344 2552 „mulieris
1372 2504 1451 2540 dolo

798 2559 1016 2597 obsecutus.“
1072 2559 1172 2598 Male
1198 2561 1347 2610 quidam
1367 2559 1449 2600 ἐπι-

798 2611 1016 2667 σπώμενος.
1072 2617 1150 2654 Sed
1178 2629 1299 2654 veram
1325 2617 1451 2655 lectio-

797 2685 882 2710 nem
897 2676 1017 2711 tuetur
1035 2686 1182 2723 quoque
1190 2674 1341 2711 Homeri
1360 2687 1449 2710 usus

798 2730 936 2777 Odyss.
972 2729 1045 2778 ΙΙΙ,
1078 2730 1159 2771 215
1200 2735 1238 2768 et
1277 2730 1448 2780 Sophocl.

797 2785 930 2823 Electr.
947 2787 1042 2827 973.
1082 2787 1294 2824 Herodotus
1320 2787 1400 2837 ipse
1420 2786 1450 2833 1,

801 2845 892 2882 103.
918 2841 992 2890 ΙΙΙ,
1009 2843 1072 2883 14.
1095 2844 1161 2883 31.
1182 2842 1249 2884 54.
1300 2843 1403 2880 Haec
1426 2854 1449 2878 a

800 2897 1045 2949 Wesselingio
1072 2899 1145 2936 iam
1177 2899 1321 2950 prolata
1347 2897 1451 2935 suffi-
