1759 3324
344 277 429 317 31⁰
748 269 1220 311 HERODOTI

193 399 291 443 132
343 381 543 440 Ἀράβιοι
568 383 636 433 δὲ,
674 381 858 426 ’Autw-
910 382 1077 437 Πέρσαι
1116 379 1183 431 δὲ,
1224 380 1412 434 Μίτραν.
1476 378 1670 433 Θυσίη35

50 464 138 491 Ritus
151 463 181 490 in
200 463 292 491 sacri-

50 496 176 525 ficando.

353 462 399 506 δὲ
427 465 540 506 τοῖσι
569 461 765 521 Πέρσῃσι
801 460 900 516 περὶ
936 459 1040 512 τοὺς
1079 457 1334 515 εἰρημένους
1373 455 1509 506 θεοὺς
1537 455 1614 512 ἥδε

347 542 590 599 κατέστηκε.
638 541 739 585 οὔτε
769 539 948 598 βωμρύς
975 543 1223 590 ποιεῦνται,
1255 535 1355 580 οὔτε
1384 539 1473 590 πῦρ
1505 534 1616 578 ἅνα-

291 728 403 766 modo
441 729 645 773 tentarunt,
682 736 792 773 quam
821 736 946 761 sanam

294 789 330 823 et
349 783 501 833 probam
523 795 605 820 esse
633 780 739 817 nobis
767 780 948 830 persuasit

293 839 576 888 lVesselingius‚
624 850 710 873 usus
755 836 949 886 praecipue

295 895 475 933 Ambrosii
488 893 695 931 testimonio
707 897 834 929 contra
842 892 949 940 Sym-

296 952 410 989 mach.
446 950 479 987 ΙΙ
500 963 537 1001 p.
561 951 666 996 840,
695 948 756 984 ubi
778 947 868 985 haec
894 946 947 984 le-

295 1012 448 1057 guntur:
479 1005 725 1053 „Coelestem
742 1003 843 1051 Afri,
875 1002 948 1040 Ma·-

297 1064 412 1101 tltram
441 1062 598 1110 Persae,
634 1061 800 1112 plerique
828 1055 950 1097 vene-

296 1133 374 1159 rem
396 1118 538 1166 colunt,
567 1131 634 1170 pro
654 1117 864 1155 diversitate
883 1129 951 1153 no-

296 1177 425 1224 minis,
455 1188 530 1213 non
560 1188 628 1226 pro
658 1174 814 1211 numinis
833 1173 950 1210 varie-

292 1233 406 1271 tate.“
463 1230 643 1270 Nolumus
681 1230 866 1267 immorari
912 1230 950 1266 in

294 1289 472 1339 scriptura
491 1287 684 1336 Mithram,
701 1287 778 1324 sive
796 1285 950 1324 Ambro-

295 1346 338 1383 sii
358 1345 471 1396 ipsius
500 1344 659 1382 incuriae
690 1344 765 1381 sive
787 1342 950 1380 librario-

296 1415 376 1440 rum
393 1401 581 1439 socordiae
595 1399 655 1438 illa
675 1400 723 1437 sit
738 1399 952 1443 tribuenda3

297 1471 374 1496 rem
402 1458 520 1509 ipsam
561 1458 711 1506 egregie
736 1456 952 1493 confirmant

297 1514 479 1552 Ambrosii
500 1514 612 1552 verba
626 1543 636 1561 ,
680 1513 743 1563 qui
761 1513 859 1550 haud
877 1512 951 1549 scio

297 1584 347 1609 an
371 1583 416 1609 ex
447 1570 529 1620 ipso
549 1570 742 1608 Herodoto
768 1568 859 1606 haec
887 1568 953 1606 de-

298 1627 494 1678 scripserit.
551 1625 658 1664 Facit
683 1626 814 1663 eodem
836 1625 954 1662 nomi-

298 1684 355 1721 nis
377 1683 492 1731 ratio,
521 1681 553 1719 si
576 1683 723 1732 quidem
747 1686 894 1731 etymon
912 1680 954 1717 il-

300 1740 366 1777 lius
383 1740 573 1790 proferunt
597 1739 687 1776 milir
708 1752 736 1776 s.
757 1739 861 1776 mihir
878 1738 902 1775 i.
922 1750 954 1775 e.

299 1808 470 1844 amorem,
510 1795 606 1843 sive,
643 1800 683 1832 ut
711 1795 789 1832 aliis
826 1795 957 1846 placet,

299 1853 424 1890 solem.
484 1852 593 1889 Conf.
618 1852 731 1901 Hyde
769 1853 816 1889 de
851 1850 957 1898 relig.

300 1909 403 1947 Pers.
431 1921 520 1960 pag.
547 1911 637 1950 129.
696 1907 881 1957 Sylvestre
910 1907 958 1944 de

302 1967 398 2014 Sacy
436 1964 485 2001 ad
516 1965 573 2001 St.
610 1964 722 2001 Croix
759 1963 956 2001 Becherch.

303 2034 364 2060 sur
394 2020 446 2058 les
479 2020 654 2068 mysteres
691 2020 738 2057 de
766 2019 957 2069 paganism

303 2077 338 2115 11
365 2089 452 2127 pag.
477 2080 568 2118 121.
598 2075 679 2113 Nec
709 2075 815 2112 aliam
841 2074 957 2111 credi-

303 2133 420 2171 derim
440 2131 588 2169 Mittam
607 2136 717 2180 atque
736 2144 817 2168 eam
837 2131 957 2177 deam,

306 2188 552 2239 quaeAnaitz‘s
571 2188 698 2225 dicitur
709 2187 785 2224 aliis
806 2187 959 2237 scripto-

304 2246 426 2292 ribus,
454 2244 555 2295 apud
581 2244 711 2281 Persas
735 2243 839 2280 culta.
895 2242 955 2281 De

306 2313 379 2350 qua
407 2300 511 2351 plura
538 2300 668 2348 Zoega
689 2300 745 2336 in:
783 2299 958 2337 Abhand-

306 2358 431 2405 lungg.
452 2356 531 2404 (ed.
550 2356 753 2400 VVeleker.)
771 2368 855 2406 pag.
877 2358 955 2397 101

307 2434 363 2442 -—-
385 2414 487 2460 105,
526 2412 596 2449 alia
625 2417 664 2448 ut
689 2416 841 2449 taceam.
900 2412 959 2450 De

307 2467 429 2506 M‘stra
468 2470 539 2506 dea
575 2469 761 2518 copiosam
808 2469 961 2506 instituit

308 2525 592 2576 disputationem
613 2525 783 2562 Creuzer.
801 2525 837 2562 in
853 2526 960 2574 Sym-

309 2581 383 2618 bol.
414 2581 432 2618 I
466 2593 504 2632 p.
524 2583 607 2622 728
638 2594 762 2630 seqq.,
800 2594 895 2630 quae
928 2581 959 2618 si

310 2638 405 2676 bene
421 2637 626 2687 perceperis
639 2665 650 2683 ,
663 2637 841 2686 intelliges
850 2650 961 2687 quam

310 2706 423 2746 prave
437 2693 461 2729 ii
479 2697 611 2742 agant,
630 2693 691 2742 qui
706 2694 752 2730 ab
769 2693 960 2731 Herodoto

311 2762 505 2801 perperam
552 2748 724 2786 Mithram
771 2750 878 2787 deum
926 2751 962 2787 in

312 2805 459 2843 Mitram
507 2805 614 2843 deam
671 2807 962 2844 transformatum

311 2865 470 2898 statuant
482 2865 546 2898 aut
565 2861 743 2899 Venerem
762 2861 965 2910 intelligant

312 2917 509 2968 planetam,
522 2917 622 2955 cuius
638 2917 750 2955 cultus
768 2920 867 2968 apud
874 2919 964 2957 Per-

1017 736 1097 770 sas,
1127 722 1317 771 Assyrios,
1360 721 1499 759 Arabes
1541 721 1674 758 florue-

1016 779 1072 816 rit.
1104 779 1229 816 Unum
1250 779 1398 815 nomino
1417 777 1571 825 Rhode,
1586 777 1674 814 iiber

1017 834 1121 872 Alter
1133 836 1208 872 und
1220 834 1350 872 Werth
1374 835 1482 883 einig.
1502 847 1675 882 morgen-

1017 890 1114 928 land.
1145 891 1316 927 Urkund.
1357 903 1443 940 pag.
1472 892 1551 931 101
1571 903 1674 939 seqq.

1017 947 1101 984 Hoc
1140 947 1251 995 igitur
1289 946 1429 982 firmum
1465 951 1676 995 certumque

1017 1008 1227 1050 teneamus,
1258 1001 1407 1039 Mittam
1436 1002 1544 1039 deam
1563 1003 1676 1040 fuisse

1018 1059 1140 1098 Persis
1172 1071 1274 1106 eam,
1322 1071 1430 1108 quam
1469 1058 1547 1096 aliis
1583 1059 1676 1097 aliae

1018 1121 1148 1166 gentes
1178 1114 1385 1153 nominibus
1425 1128 1492 1165 per
1530 1128 1676 1153 omnem

1018 1175 1095 1211 sere
1116 1172 1240 1210 Asiam
1273 1171 1471 1219 coluerint,
1501 1172 1576 1210 sive
1608 1186 1674 1209 na-

1018 1234 1137 1267 turam
1173 1229 1307 1266 dixeris
1346 1233 1572 1276 naturatam,
1601 1229 1677 1267 sive

1018 1285 1233 1339 principium
1261 1286 1300 1322 in
1328 1298 1448 1322 rerum
1467 1289 1596 1322 natura
1621 1287 1678 1323 fe·

1019 1344 1196 1390 mineum,
1227 1341 1303 1379 sive
1321 1340 1466 1379 Lunam
1486 1341 1561 1380 sive
1582 1341 1619 1380 T
1621 1355 1677 1380 er·

1019 1413 1107 1437 ram.
1166 1400 1273 1442 Quae
1311 1399 1449 1448 optime
1483 1399 1570 1436 inde
1598 1412 1679 1436 cum

1026 1457 1149 1494 Venere
1183 1455 1321 1492 Urania
1349 1455 1449 1505 apud
1476 1456 1591 1505 Syros
1617 1455 1680 1503 (I,

1024 1513 1125 1559 105)
1155 1512 1357 1562 comparari
1373 1512 1494 1562 potuit
1519 1516 1581 1549 aut
1598 1524 1678 1548 cum

1022 1569 1177 1620 Mylitta
1227 1567 1512 1617 Babyloniorum
1568 1572 1680 1617 atque

1020 1625 1253 1674 Assyriorum
1273 1624 1309 1672 (l
1325 1652 1337 1671 ,
1361 1626 1484 1674 199),
1513 1628 1576 1662 aut
1596 1638 1678 1662 cum

1023 1683 1182 1721 Arabum
1204 1680 1333 1718 Azitta.
1370 1682 1480 1719 Cons.
1504 1681 1678 1719 Creuzer.

1023 1740 1046 1777 l.
1065 1739 1088 1776 l.
1108 1743 1145 1776 et
1168 1736 1204 1774 Π
1225 1751 1263 1789 p.
1282 1737 1319 1779 5.
1341 1738 1395 1779 24
1414 1750 1518 1787 seqq.
1541 1740 1633 1779 123.

1079 1795 1232 1832 Alittam
1261 1794 1356 1831 insta
1378 1794 1452 1841 111,
1482 1797 1507 1835 8
1544 1794 1682 1832 Noster

1025 1851 1187 1903 appellat
1205 1850 1345 1894 Alilat,·
1361 1851 1461 1900 quod
1483 1850 1683 1901 ipsumhoc

1026 1921 1174 1957 quoque
1200 1908 1280 1946 loco
1314 1907 1519 1944 restitutum
1538 1906 1684 1944 volebat

1025 1964 1175 2001 Selden.
1213 1963 1261 2000 de
1294 1962 1363 2000 diis
1393 1964 1475 2011 Syr.
1516 1977 1553 2014 p.
1591 1965 1682 2004 179.

1026 2020 1149 2063 Quam
1179 2018 1216 2055 in
1251 2031 1327 2056 rem
1360 2021 1530 2056 observat
1557 2018 1601 2056 A.
1632 2020 1680 2056 G.

1025 2075 1206 2124 Schlegel.
1242 2075 1346 2122 (lnd.
1371 2075 1544 2113 Biblioth.
1569 2075 1626 2124 ll,
1655 2079 1681 2117 3

1025 2145 1111 2183 pag.
1137 2133 1238 2179 316)
1269 2132 1522 2179 Herodotum,
1540 2133 1598 2169 ubi
1616 2145 1683 2182 pe-

1025 2189 1189 2237 regrinas
1209 2200 1316 2225 voces
1340 2188 1538 2239 expressim
1559 2190 1684 2239 profe·

1024 2250 1101 2292 rat,
1134 2257 1208 2280 non
1235 2245 1374 2282 addere
1402 2245 1583 2282 Graecam
1611 2248 1684 2282 ter-

1025 2301 1283 2348 minationem,
1308 2302 1469 2351 indeque
1487 2301 1523 2338 h.
1551 2300 1574 2338 l.
1596 2301 1684 2338 scri-

1025 2359 1113 2395 bere
1135 2353 1320 2396 Μύλιττα
1346 2362 1383 2396 et
1399 2352 1574 2405 Ἀλίττα,
1604 2371 1683 2395 cum

1027 2414 1260 2462 Assyriorum
1292 2418 1330 2452 et
1355 2413 1519 2451 Arabum
1559 2414 1684 2463 lingua

1028 2470 1274 2508 declinatione
1284 2474 1416 2517 careat,
1427 2471 1493 2508 sed
1507 2471 1683 2522 Μίτραν,

1028 2527 1201 2576 quoniam
1218 2526 1257 2563 in
1276 2526 1469 2564 Persarum
1486 2526 1611 2576 lingua
1629 2528 1685 2564 in-

1028 2584 1191 2620 veniatur
1211 2582 1397 2620 nominum
1423 2582 1629 2621 declinatio.

1199 2666 1311 2717 Cap.
1344 2666 1533 2705 cxxxu.

1090 2750 1218 2801 Θυσίη
1240 2748 1283 2790 δὲ
1298 2771 1350 2779 --
1366 2747 1439 2802 ἥδε
1460 2749 1684 2802 κατέστηκε]

1032 2805 1242 2857 κατέστηκε
1274 2820 1295 2845 e
1321 2807 1434 2845 tribus
1471 2808 1577 2846 codd.
1607 2821 1687 2845 cum
1754 2843 1756 2860 ς

1034 2864 1245 2901 Gaisfordio
1265 2864 1480 2902 adscivimus
1501 2877 1568 2916 pro
1588 2877 1622 2902 νι
1636 2863 1687 2913 lg.
1754 2874 1756 2895 =

1032 2914 1197 2972 κατεστή
1209 2935 1233 2959 κ
1245 2934 1262 2960 ε
1272 2934 1300 2960 ε.
