1759 3324
370 270 456 311 618

774 269 1255 310 HERODOTI

370 379 418 423 ἐν
448 379 586 439 ταύτῃ
614 380 698 437 γάρ
728 380 782 437 δὴ
809 384 864 437 τῇ
891 380 993 424 πόλι
1023 379 1111 424 ἐστὶ
1139 379 1342 437 μέγιστον
1359 379 1496 432 Ἴσιος
1520 379 1635 436 ἱρόν.

311 555 414 606 ipsa,
443 568 553 605 quam
572 554 692 592 medio
720 553 758 590 in
784 552 896 591 Delta
922 555 970 591 si-

311 616 388 650 tam
408 612 533 662 prodit
548 610 772 649 Herodotus.
813 608 886 660 [Ad
906 624 967 648 oc-

313 668 529 706 cidentalem
563 667 728 704 nimirum
767 665 829 702 illa
866 679 967 704 oram

311 724 506 762 Phatnitici
533 724 631 760 fluvii
666 723 735 758 sita
762 725 839 758 erat
857 751 868 769 ‚
906 723 968 759 ubi

311 794 409 818 nunc
445 780 525 817 loco
553 791 686 816 nomen
712 776 864 814 Boussir
892 778 966 816 sive

311 837 490 875 Aboussz'r.
558 836 643 873 Vid.
691 834 966 871 Schlichthorst.

311 892 334 930 l.
357 893 380 929 l.
406 907 443 944 p.
466 895 521 934 70
541 905 619 941 seq.
652 890 855 941 Champoll.
885 889 907 927 l.
941 890 965 927 l.

310 949 345 987 Π
363 963 399 999 p.
419 947 525 999 184]
575 949 634 987 De
656 946 757 983 huius
780 947 966 996 religioni-

309 1006 378 1043 bus
397 1011 523 1043 auctor
544 1010 598 1043 est
622 1004 777 1042 Diodor.
806 1003 914 1040 Sicul.
934 1003 964 1052 I,

310 1063 460 1110 85,ubi
482 1075 615 1100 nomen
639 1061 734 1098 urbis
754 1061 838 1097 inde
858 1073 965 1109 repe-

309 1119 377 1166 tit,
404 1119 505 1168 quod
524 1119 591 1156 Isis
608 1119 645 1154 in
665 1117 759 1154 bove
778 1117 964 1154 Osiridem

309 1175 518 1226 sepelivisse
538 1177 663 1213 fertur.
685 1174 864 1211 Graecam
882 1178 964 1222 ety-

308 1232 504 1281 mologiam
521 1232 676 1269 nominis
704 1225 914 1282 Βούσιρις,
941 1242 964 1266 a

309 1289 408 1340 βοῦς
431 1294 468 1327 et
484 1285 640 1339 ’Όσιρις
662 1288 828 1334 ductam,
850 1288 962 1324 fusius

310 1346 468 1396 explicat
486 1346 695 1395 Stephanus
715 1344 806 1392 Byz.
826 1344 861 1380 in
881 1357 960 1380 voc.

307 1415 345 1454 P·
370 1402 452 1444 240
474 1402 620 1440 Berkel.
674 1401 780 1444 Quae
799 1413 866 1436 nos
887 1413 962 1437 non

307 1471 501 1496 moramur.
539 1459 617 1496 Iam
642 1456 773 1506 Zoega
793 1457 840 1494 de
858 1457 962 1494 Obe-

307 1515 403 1552 liscc.
421 1529 456 1567 p.
476 1517 580 1563 288,
609 1519 852 1565 posteaquam
871 1513 962 1551 haec

307 1572 389 1622 ipsa
409 1572 556 1620 attigit,
587 1571 639 1608 ita
656 1571 796 1621 pergit:
826 1570 961 1617 „„So-

307 1628 407 1666 brior
422 1628 634 1666 Herodotus
653 1628 692 1664 id
716 1631 855 1664 tantum
875 1639 962 1677 pro-

307 1685 384 1732 dit,
414 1685 451 1721 in
468 1685 588 1722 Busiri
617 1685 755 1735 oppido
781 1684 818 1720 in
838 1683 960 1720 medio

305 1740 417 1779 Delta
441 1742 509 1778 sito
541 1742 736 1779 maximum
759 1740 872 1777 fuisse
905 1740 962 1776 fa-

305 1810 394 1835 num
416 1797 542 1845 Isidis,
564 1803 674 1848 atque
696 1798 732 1834 in
761 1797 882 1833 annua
901 1810 961 1834 ce-

304 1853 475 1893 lebritate
491 1855 541 1892 ibi
563 1855 732 1892 obeunda
752 1854 960 1890 universum

303 1910 482 1961 populum
544 1912 728 1949 osiridem
781 1910 960 1960 plangere

305 1968 612 2005 consuevisse.““
653 1967 820 2013 Deinde,
847 1966 959 2003 inter-

303 2023 435 2074 positis
456 2024 545 2061 locis
565 2024 790 2062 Herodoteis
820 2022 875 2069 Π,
903 2024 956 2063 59

305 2083 342 2116 et
373 2082 423 2120 61
443 2109 454 2128 ,
493 2080 638 2129 Coptiei
679 2080 854 2117 sermonis
886 2091 957 2128 ope

303 2135 459 2172 nominis
491 2137 668 2173 rationem
699 2136 802 2172 aliter
841 2135 956 2185 expli-

304 2203 389 2227 cans
417 2192 562 2229 ductum
591 2193 785 2229 arbitratur
813 2205 855 2228 ex
883 2191 957 2228 Be-

305 2246 453 2294 Ousia,
494 2249 595 2297 quod
637 2249 683 2285 sit
720 2248 875 2284 Osiridis
901 2260 954 2283 se-

297 2303 486 2354 pulchrum
519 2305 610 2352 (vid.
640 2304 827 2341 Iablonsk.
859 2316 956 2340 voce.

302 2359 479 2411 Aegyptt.
501 2374 537 2409 p.
557 2360 643 2409 54).
683 2360 781 2397 Tum
801 2361 852 2396 sic
873 2373 957 2409 per-

303 2416 374 2464 git:
406 2417 589 2464 „„Quod
611 2430 691 2453 cum
715 2429 826 2466 prave
852 2415 957 2452 intel-

301 2472 475 2510 lexissent
499 2473 653 2519 Graeci,
683 2474 730 2509 ad
762 2484 862 2509 suam
889 2471 957 2508 lin-

302 2541 410 2578 guam
433 2530 671 2578 respicientes
707 2530 891 2565 Osiridem
920 2529 956 2564 in

303 2585 396 2623 bove
411 2585 589 2635 sepultum
607 2586 852 2623 finxerunt.““
872 2584 957 2627 Qua

301 2642 340 2678 in
367 2654 475 2679 causa
503 2641 675 2680 hactenus
710 2655 788 2678 cum
827 2641 956 2690 Zoega

300 2698 388 2735 facit
416 2697 684 2748 Champollion.
713 2698 901 2748 (l’Egypt.
925 2711 953 2734 s.

301 2753 323 2791 l.
344 2754 448 2805 phar.
474 2753 508 2791 II
535 2767 570 2804 p.
595 2757 674 2797 185
706 2758 854 2803 seqq),
885 2755 953 2791 etsi

300 2810 339 2847 in
358 2809 573 2860 explicando
589 2811 735 2849 nomine
744 2810 954 2859 longissime

301 2867 347 2904 ab
387 2879 432 2905 eo
463 2867 610 2904 recedit.
672 2867 770 2905 Nam
807 2879 888 2903 cum
916 2867 953 2903 in

301 2923 505 2962 Rosettana
530 2923 767 2976 inscriptione
795 2923 953 2961 Osiridis

1036 553 1173 590 nomini
1227 553 1394 591 articulus
1447 553 1691 604 Aegyptiacus

1036 611 1181 647 additus
1200 611 1422 661 reperiatur,
1439 615 1476 649 et
1487 611 1691 660 Coptorum

1035 679 1183 715 quoque
1197 672 1430 705 monumenta
1441 667 1692 705 emendatiora

1034 735 1168 759 nomen
1190 723 1287 760 urbis
1314 724 1366 760 ita
1387 724 1560 774 scriptum
1590 723 1691 760 exhi-

1034 778 1165 815 beant:
1186 778 1353 824 Pousi'rz'5
1385 781 1423 817 id
1442 781 1561 831 ipsum
1579 792 1688 816 voca-

1035 834 1156 871 bulum
1185 831 1375 887 Βούσιρις
1404 836 1456 873 nil
1484 835 1582 874 aliud
1605 849 1688 874 esse

1034 903 1143 940 quam
1169 891 1324 929 Osiridis
1355 905 1510 939 nomen,
1561 893 1688 929 addito

1034 951 1071 984 et
1095 947 1284 985 immutato
1310 948 1573 998 Aegyptiorum
1599 950 1688 986 arti-

1032 1002 1124 1040 culo.
1182 1003 1328 1042 Deinde
1356 1018 1483 1042 omnes
1508 1008 1689 1054 quotquot

1031 1060 1151 1097 adhuc
1176 1060 1410 1099 innotuerunt
1446 1061 1686 1110 etymologias

1033 1117 1199 1164 elevans,
1228 1117 1297 1155 hac
1322 1131 1393 1155 una
1416 1118 1453 1155 in
1486 1131 1525 1156 re
1553 1118 1684 1167 Zoega

1031 1174 1248 1211 sententiam
1271 1179 1306 1212 et
1333 1176 1414 1225 ipse
1437 1175 1616 1224 sequitur,
1647 1178 1687 1212 ut

1033 1230 1256 1267 Graecorum
1276 1232 1471 1279 rationem,
1498 1244 1571 1280 qua
1590 1231 1686 1269 bove

1031 1287 1194 1336 sepultus
1242 1288 1357 1325 Osiris
1418 1288 1498 1325 urbi
1551 1300 1685 1325 nomen

1030 1344 1227 1390 indiderit,
1265 1345 1459 1382 absurdam
1492 1357 1574 1382 esse
1598 1357 1686 1394 pro-

1029 1401 1180 1438 nuntiet.
1201 1402 1226 1421 “
1300 1401 1504 1439 Creuzerus
1549 1400 1685 1438 ibidem

1027 1470 1114 1508 pag.
1136 1459 1214 1498 111
1243 1470 1318 1506 seq.
1348 1459 1386 1494 in
1408 1462 1495 1495 nota
1515 1456 1584 1494 hoc
1617 1457 1686 1494 ad-

1029 1515 1098 1550 dit:
1167 1513 1402 1562 „Busiridem
1440 1514 1567 1551 urbem
1596 1525 1685 1551 ean-

1031 1570 1114 1607 dem
1150 1583 1230 1608 esse
1268 1575 1378 1620 atque
1407 1570 1619 1620 Taphosz'rin
1645 1574 1684 1608 et

1030 1626 1233 1676 sepulcrum
1250 1627 1404 1664 Osiridis
1429 1628 1499 1664 hoc
1516 1627 1596 1676 ipso
1616 1638 1685 1663 no-

1029 1685 1127 1721 mine
1160 1683 1334 1721 declarari
1366 1684 1483 1721 tradit
1507 1682 1682 1720 Eudoxus

1029 1753 1087 1791 ap.
1120 1739 1300 1777 Plutarch.
1327 1741 1374 1778 de
1403 1740 1449 1777 Is.
1482 1743 1521 1778 et
1542 1739 1680 1776 Osirid.

1028 1810 1064 1848 p.
1087 1797 1167 1837 359
1200 1811 1227 1833 s.
1260 1796 1341 1838 473
1362 1797 1502 1845 Wytt„
1533 1808 1606 1845 qua
1634 1797 1683 1833 de

1026 1867 1067 1890 re
1104 1852 1249 1904 plurimi
1285 1853 1388 1891 aliter
1424 1853 1682 1890 iudicaverant.

1028 1910 1136 1947 Conf.
1166 1910 1282 1957 Zoeg.
1317 1910 1364 1947 de
1390 1909 1495 1946 obell.
1527 1922 1564 1958 p.
1585 1910 1680 1950 289.
1752 1912 1759 1924 ³

1026 1966 1313 2015 Distinguuntur
1337 1970 1460 2003 autem
1481 1963 1603 2016 plures
1619 1977 1682 2002 ur-

1025 2024 1090 2060 bes
1102 2051 1112 2069 ,
1144 2035 1238 2071 quae
1255 2022 1324 2059 hoc
1350 2022 1496 2059 nomine
1515 2022 1679 2058 veniunt.

1024 2079 1107 2115 Vici.
1129 2079 1330 2128 Champoll.
1351 2079 1373 2115 l.
1389 2079 1410 2116 l.
1432 2078 1465 2115 ΙΙ
1485 2090 1570 2128 pag.
1584 2080 1678 2119 263.

1023 2138 1127 2181 267,
1168 2135 1230 2183 qui
1279 2134 1470 2184 Tapousz'rz'
1507 2134 1680 2183 scriptum

1025 2204 1106 2228 esse
1125 2192 1171 2228 ab
1189 2191 1379 2241 Aegyptiis
1406 2192 1532 2237 docet,
1561 2194 1598 2227 et
1617 2203 1680 2227 ur-

1023 2248 1096 2284 bem
1147 2247 1286 2284 Osz'rz'clz'
1316 2259 1495 2298 propriam
1539 2246 1680 2295 signifi-

1023 2304 1146 2341 care.“

1081 2358 1161 2398 ἐστὶ
1200 2357 1381 2410 μέγιστον
1408 2355 1530 2406 Ἴσιος
1561 2355 1676 2411 ἱρόν]

1023 2444 1048 2463 ,,
1065 2415 1211 2465 Templi
1239 2416 1368 2463 Isidis,
1398 2418 1498 2465 quod
1527 2417 1612 2453 olim
1640 2417 1678 2453 in

1022 2473 1113 2509 urbe
1136 2473 1300 2509 Busiride
1314 2503 1324 2520 ‚
1354 2477 1496 2510 restant
1515 2473 1680 2522 splendi-

1024 2529 1193 2565 dissimae
1224 2529 1369 2575 ruinae,
1400 2529 1678 2578 elegantissimis

1023 2586 1149 2634 optimi
1168 2587 1355 2622 marmoris
1378 2585 1575 2633 columnis,
1604 2586 1679 2622 cul-

1022 2642 1068 2678 tis
1087 2642 1271 2678 hominum
1291 2642 1571 2690 animaliumque
1584 2642 1679 2691 figu-

1021 2698 1070 2734 ris
1091 2711 1133 2735 ac
1151 2698 1261 2735 literis
1290 2698 1570 2748 hieroglyphicis
1590 2711 1677 2748 spe-

1022 2755 1170 2792 ctabiles
1184 2783 1195 2802 ‚
1225 2755 1430 2804 descriptae
1451 2767 1530 2790 cum
1549 2767 1634 2791 cura
1653 2767 1676 2791 a

1020 2811 1173 2848 Sicardo
1187 2840 1198 2859 ,
1228 2810 1368 2848 curioso
1395 2823 1439 2848 ex
1460 2810 1675 2847 Iesuitarum

1020 2867 1159 2904 familia
1182 2867 1479 2918 pemgrinatore,
1509 2867 1546 2903 in
1570 2867 1674 2904 novis

1019 2936 1168 2962 memor.
1195 2923 1419 2974 legationum
1439 2923 1516 2962 eius
1533 2923 1583 2961 ad
1602 2923 1676 2960 ori-
