1768 3315
237 685 303 733 95

29 752 76 781 De
94 752 173 788 Cyro
198 752 306 780 Persas

29 786 116 814 varie
173 786 296 813 tradere

358 256 443 296 244

763 253 1227 293 HERODOTI

360 363 742 421 μετονομασθῆναι
771 360 933 415 αὐτούς
972 365 1040 408 ἐπὶ
1076 369 1156 408 τοῦ
1185 363 1384 422 βασιλέος
1413 366 1495 408 τοῦ
1525 379 1621 409 παι-

360 444 458 493 δὸς,
489 441 538 492 ὅς
568 453 704 497 σφεας
733 440 941 499 ἀνήγαγε·
971 443 1041 487 ἐπὶ
1069 444 1231 488 τούτου
1260 445 1341 501 τὴν
1369 444 1621 500 ἐπωνυμίην

359 520 669 576 ποιευμένους,
711 520 1013 579 ὀνομασθῆναι
1044 522 1315 580 Τυρσηνούς.
1372 524 1514 567 Λυδοὶ
1541 522 1678 579 μὲν90

361 599 415 656 δή
442 597 528 642 ὑπὸ
559 599 753 656 Πέρσῃσι
782 600 1063 645 δεδούλωντο.

29 819 191 855 Imperium
220 820 308 846 Asiae
426 837 436 852 x
540 839 545 850 ,
660 837 668 850 ,
854 837 875 851 er
1061 837 1071 850 ι
1182 839 1193 853 .-
1241 841 1251 855 ,
1448 844 1466 852 .,
1513 839 1524 855 ,
1594 841 1604 856 ,

29 853 307 914 ffffgsabflrgsygffi
335 843 442 881 Ξκαι
470 853 576 888 τους
605 841 801 893 Περσας,
850 854 955 896 οτεῳ
993 855 1139 894 τροπῳ
1168 853 1386 898 ηγησαυτο
1414 857 1490 897 της
1518 845 1620 884 Ασι-

30 920 70 947 nd
87 920 147 954 ⁷11,
164 928 221 954 quo
233 923 293 947 tem

33 962 106 989 porc
124 954 161 980 ab
178 954 214 981 iis
224 952 296 980 Med

31 991 64 1014 et
90 991 195 1022 gentes
226 987 307 1015 aliae

31 1020 215 1049 defecerunt.

355 1217 421 1259 ἐπὶ
442 1213 588 1258 τούτου
619 1214 693 1268 τήν
719 1216 952 1270 ἐπωνυμίην

298 1273 586 1326 ποιευμένους]
613 1273 676 1314 ἐπὶ
692 1288 771 1311 cum
790 1276 950 1324 genitivo

300 1332 420 1370 verbis
439 1331 647 1382 appellandi
669 1332 845 1368 adiectum
858 1361 868 1379 ,
890 1332 951 1369 ubi

301 1393 378 1426 est:
408 1401 474 1436 ex,
502 1387 545 1424 ab
559 1401 573 1432 ,·
625 1388 794 1425 observat
816 1388 948 1425 Matth.

301 1443 340 1496 ἓ.
363 1443 445 1486 584
472 1446 699 1495 pag-1162.
763 1443 822 1482 De
851 1443 948 1483 ἐπω-

299 1501 423 1551 νυμίη
458 1502 553 1537 conf.
575 1500 611 1547 I,
643 1500 707 1540 14.
742 1521 798 1527 —-
835 1501 949 1537 Paulo

299 1560 386 1607 post
403 1570 481 1594 cum
498 1557 661 1607 plurimis
678 1557 780 1594 libris
804 1557 951 1607 scripsi-

298 1625 382 1651 mus
414 1608 659 1652 δεδούλωντο
692 1613 832 1650 abiecta
860 1626 951 1662 aug-

299 1669 414 1707 menti
431 1669 732 1720 reduplieatione‚
754 1682 832 1706 cum
841 1669 951 1718 vulgo

299 1726 469 1763 ederetur
500 1721 803 1765 ἐδεδούλωντο.
841 1725 954 1762 Plura

299 1782 426 1819 omissi
434 1782 471 1819 in
487 1782 845 1832 plusquamperfecto
862 1795 953 1831 aug-

299 1838 413 1876 menti
432 1839 597 1888 exempla
613 1852 633 1876 e
654 1838 793 1876 Nostro
815 1852 950 1889 suppe-

299 1895 392 1931 ditat
431 1894 589 1933 Werfer.
614 1895 652 1931 in
689 1894 784 1932 Actt.
815 1895 949 1945 philoll.

297 1949 465 1988 Monacc.
495 1951 535 1997 I,
564 1955 591 1992 2
623 1964 709 2002 pag.
739 1953 841 1996 2403
880 1951 950 1987 alia

298 2006 452 2043 aliorum
470 2007 683 2057 scriptorum
709 2007 791 2056 ipse
809 2007 948 2044 indica-

298 2062 335 2098 vi
352 2063 400 2099 ad
417 2062 597 2100 Plutarch.
619 2061 774 2099 Flamin.
794 2076 831 2112 p.
855 2065 946 2104 129.

299 2117 344 2155 In
362 2118 482 2155 verbis
501 2119 650 2156 adiectis
671 2115 753 2157 ύπό
771 2117 948 2171 Πέρσῃσι

301 2186 351 2211 ne
366 2174 555 2221 offendas,
584 2187 677 2212 neve
703 2171 783 2214 ύπὸ
801 2173 947 2226 Περσέ-

302 2244 360 2268 ων
379 2232 630 2279 corrigendum
641 2244 804 2277 censeaS,
823 2244 948 2280 quem-

301 2286 499 2323 admodum
525 2288 625 2337 apud
650 2292 778 2337 poetas
799 2288 947 2335 genitivi

298 2341 380 2379 loco
398 2343 558 2380 dativum
576 2348 664 2394 post
679 2340 760 2382 ὑπό
774 2344 949 2380 substitu—

298 2402 375 2436 tum
394 2399 582 2446 videmus,
627 2404 779 2437 notante
812 2399 945 2437 Matth.

300 2452 339 2505 ς.
362 2455 444 2496 395
477 2460 552 2492 not.
582 2468 669 2506 pag.
689 2458 787 2500 7233
824 2456 944 2493 malim

299 2509 359 2548 hic
396 2512 506 2548 dativi
534 2525 636 2548 usmn
667 2513 843 2562 explicare
885 2526 943 2550 se-

297 2567 454 2604 cundum
489 2567 707 2606 locutiones:
753 2566 836 2608 ’ὑπό
866 2568 942 2608 τινὶ

296 2618 403 2662 εἶναι
430 2624 487 2671 (in
502 2624 654 2661 alicuius
666 2628 839 2673 potestate
859 2638 941 2673 esse,

296 2678 466 2730 obsequi),
493 2676 565 2730 ὑφ’
584 2679 708 2735 ἑαυτῷ
735 2685 940 2720 ποιεῖσθαι

297 2735 388 2784 (sihi
403 2737 579 2786 subigere,
607 2740 643 2774 in
660 2751 760 2774 suam
777 2738 938 2776 ditionem

295 2792 476 2842 redigere)
506 2798 596 2841 etc.,
625 2794 686 2831 ubi
714 2792 799 2833 ’ὑπό
835 2808 936 2831 suam

294 2849 400 2897 quasi
424 2862 467 2886 ac
483 2850 670 2900 propriam
694 2851 764 2887 vim
793 2852 934 2888 retinet.

293 2904 403 2942 Conf.
423 2904 553 2944 Matth.
577 2906 635 2944 l.l.
663 2911 699 2944 et
716 2919 803 2957 pag.
826 2910 934 2948 1186

458 675 719 735 Ἐπιδίζηται
747 681 793 722 δὲ
812 678 865 735 δή
889 680 935 723 τὸ
967 679 1168 726 ἐνθεῦτεν
1196 682 1301 739 ἡμῖν
1331 680 1355 726 ὁ
1385 682 1514 738 λόγος
1542 680 1620 725 τόν

361 773 407 801 τε
435 759 607 812 Κῦρον,
655 757 773 809 ὅστις
800 757 886 801 ἐεὸν
919 758 1000 814 τήν
1035 763 1232 814 Κροίσου
1261 761 1399 819 ἀρχὴν
1428 766 1615 805 κατεῖλε·

296 935 308 979 3
365 932 427 972 ης.
482 915 558 967 Ὡς
596 911 657 960 ὧν
698 916 902 972 Περσέων
939 918 1198 973 μετεξέτεροι
1240 921 1437 975 λέγουσι,
1480 920 1523 962 οἱ
1560 918 1675 974 μή95

361 994 623 1052 βουλόμενοι
653 1000 843 1053 σεμνοῦν
870 995 924 1041 τὰ
953 997 1049 1053 περὶ
1077 1001 1252 1053 Κῦρον,
1282 996 1392 1042 ἄλλα
1420 996 1500 1042 τὸν
1527 996 1619 1041 ἐόν-

1022 1217 1059 1270 ᾗ.
1089 1217 1183 1261 593.
1242 1217 1379 1256 Refero
1416 1217 1487 1255 huc
1529 1229 1676 1267 quoque

1020 1277 1120 1325 quod
1138 1276 1177 1323 Ι,
1200 1277 1248 1316 91
1283 1275 1320 1311 in
1342 1275 1416 1312 fine
1432 1274 1585 1323 legitur:
1607 1269 1674 1326 ἆρ-

1019 1329 1183 1383 χόμενος
1248 1326 1333 1369 ’ὑπ’
1406 1330 1674 1370 ἐκείνοισι.

1017 1389 1114 1425 Add.
1145 1387 1312 1426 Siebelis.
1338 1388 1386 1424 ad
1414 1387 1572 1425 Pausan.
1606 1386 1674 1434 IX,
1721 1404 1725 1409 ¹

1058 1443 1122 1529 -ἓ
1125 1497 1405 1551 ὀνομασθῆναι
1422 1494 1671 1550 Τυρσηνούς]

1016 1557 1129 1594 Haud
1154 1562 1319 1594 nostrum
1349 1561 1406 1594 est
1424 1557 1523 1593 varia
1544 1569 1671 1593 recen-

1019 1627 1099 1650 sere
1120 1618 1155 1651 et
1180 1617 1341 1651 veterum
1366 1618 1404 1650 et
1431 1612 1672 1650 recentiorum

1019 1674 1224 1707 commenta
1242 1670 1288 1707 de
1304 1669 1339 1705 vi
1367 1682 1410 1706 ac
1427 1669 1578 1706 notione
1595 1669 1672 1719 pri-

1018 1726 1145 1763 mitiva
1175 1726 1281 1762 huius
1311 1725 1432 1771 vocis3
1474 1738 1587 1762 unum
1613 1729 1672 1762 ta-

1018 1795 1103 1820 men
1121 1783 1320 1833 praeterire
1337 1782 1523 1829 nolumus,
1552 1793 1671 1831 nuper

1018 1839 1215 1875 admodum
1255 1838 1435 1888 prolatum
1481 1850 1503 1874 a
1537 1837 1580 1874 C.
1619 1838 1667 1874 O.

1017 1894 1173 1932 Miillero
1201 1895 1383 1942 (Etrusco.
1403 1894 1420 1930 I
1447 1907 1484 1944 p.
1502 1896 1569 1934 79.
1592 1894 1667 1941 80)

1017 1963 1084 1988 nec
1108 1951 1185 1987 sine
1206 1963 1341 1998 magna
1355 1950 1430 1987 veri
1449 1950 1583 2000 speeie.
1614 1950 1669 1987 Ut

1017 2007 1113 2044 enim
1131 2008 1188 2043 vix
1207 2011 1347 2043 tantum
1361 2006 1580 2044 dissentiunt
1589 2006 1669 2043 He-

1013 2064 1165 2100 rodotus
1198 2068 1308 2112 atque
1340 2063 1508 2100 Xanthus
1546 2061 1669 2112 (quo-

1014 2133 1093 2155 rum
1115 2119 1173 2157 ille
1198 2119 1406 2168 Tyrsenum
1434 2122 1541 2156 vocat
1567 2119 1667 2168 regis

1014 2175 1126 2212 filium
1152 2176 1344 2225 gentisque
1375 2179 1579 2223 auctorem,
1608 2176 1667 2213 hic

1015 2231 1050 2268 Τ
1054 2232 1290 2281 orrhebum),
1328 2232 1392 2281 qui
1423 2232 1518 2270 bene
1547 2232 1668 2270 conci-

1013 2287 1091 2324 liari
1110 2289 1274 2338 possint,
1313 2290 1365 2325 ita
1391 2302 1516 2326 vocem
1541 2289 1666 2339 primi-

1012 2345 1123 2381 tivam
1144 2346 1187 2382 C.
1223 2346 1269 2382 O.
1289 2345 1462 2383 Miillerus
1484 2346 1665 2383 existimat

1013 2414 1094 2439 esse
1122 2397 1346 2452 Τύῤῥαν,
1374 2414 1448 2450 qua
1471 2403 1559 2439 urbs
1587 2401 1666 2450 Ly-

1012 2458 1095 2495 diae
1115 2460 1162 2495 ad
1179 2459 1372 2506 Caystrum
1394 2458 1464 2494 sita
1491 2457 1664 2506 designe-

1010 2518 1090 2561 tur,
1120 2516 1218 2553 unde
1245 2526 1388 2552 omnem
1416 2512 1560 2561 Lydiae
1588 2519 1664 2552 tra-

1010 2574 1106 2607 ctum
1135 2570 1405 2609 meridionalem
1437 2568 1662 2608 Torrhebt'am

1007 2627 1172 2663 dixeiint.
1245 2626 1343 2664 Nam
1399 2625 1436 2662 T
1431 2626 1577 2675 yrrham
1624 2631 1663 2664 et

1011 2682 1182 2720 Torrham
1210 2684 1341 2721 eodem
1372 2683 1492 2721 redire
1518 2684 1575 2721 vix
1593 2683 1661 2720 du·-

1007 2740 1114 2777 bium.

1201 2823 1232 2860 C
1245 2836 1312 2874 ap.
1345 2823 1461 2861 XCV.

1059 2902 1159 2946 οἷλλᾶ
1173 2903 1242 2947 τὸν
1261 2904 1342 2948 ἐόν
1355 2924 1375 2947 τ
1386 2923 1411 2947 α
1430 2906 1557 2960 λέγειν
1579 2909 1602 2946 λ
1615 2901 1657 2947 o'-
