1768 3315
353 240 436 279 266
745 235 781 274 n
816 235 849 274 E
876 236 913 276 R
942 237 978 277 o
1006 236 1042 277 n
1073 237 1108 276 0
1139 236 1175 276 Τ
1207 237 1225 275 1

353 348 551 390 ἑωυτοῖσι
579 346 687 396 τούς
713 342 1054 402 ἀπικνεομένους
1082 347 1126 399 ἐς
1163 346 1243 402 τὴν
1272 344 1508 402 Σκυθικήν
1535 343 1672 402 χιό-50

351 440 433 480 ρην
463 422 522 474 ὥς
551 424 796 478 διακέαται,
825 425 930 477 τοὺς
958 426 1163 470 καλέουσι
1188 424 1395 480 Ἐναρέας
1424 427 1470 469 οἱ
1496 424 1614 469 Σκύ-

353 509 444 546 θαι.

351 581 490 638 Ἀσίης
519 583 564 625 οἱ
591 581 794 634 Σκύθαι,
817 584 891 627 καὶ
918 583 972 627 τοὶ
1001 584 1144 628 πάντα
1175 596 1254 641 σφι
1283 582 1372 629 ὑπό
1399 600 1443 627 τε
1461 583 1616 639 ὕβριος

193 502 294 546 106

19 562 150 608 Scythae
178 566 225 593 Asi
217 575 244 594 13
265 575 295 592 c-

19 601 91 629 iecti
109 609 128 628 a
156 601 214 627 596.
244 600 296 626 Νἰ

20 643 77 662 nus
93 638 181 669 capta
204 635 247 666 [et
266 641 294 659 e-

19 664 221 730 mmm?
214 674 296 734 ’ὲὲἓ

18 735 106 771 this‚]
126 743 154 764 a.
172 734 232 761 606.

501 500 595 546 Ἐπὶ
622 504 703 559 μέν
730 520 814 547 νυν
845 503 957 549 ὀκτώ
987 506 1058 549 καὶ
1089 508 1224 549 εἴκοσι
1253 505 1347 549 ἔτεα
1375 500 1512 561 ἦρχον
1539 507 1615 560 τῆς

353 661 427 706 καὶ
457 659 688 718 ὀλιγωρίης
720 660 937 706 ἀνάστατα
965 657 1034 719 ἦν.
1064 665 1196 719 χωρὶς
1224 664 1303 720 μὲν
1331 663 1415 720 γὰρ
1445 661 1615 719 φόρων,

354 741 577 797 ἔπρησσον
604 737 704 797 παρ’
730 740 923 786 ἑκάστων
943 741 992 786 τὸ
1015 742 1234 788 ἑκάστοισι
1253 743 1508 800 ἐπέβαλλον·
1537 758 1615 799 χω·
1626 746 1672 783 55

294 917 419 966 ginem
435 917 593 954 fortasse
609 914 730 952 trahat
740 914 786 952 ab
804 912 948 965 ἐναίρω

296 973 446 1024 spolior,
479 971 600 1024 ἔναρα
625 971 761 1021 spolia,
790 971 951 1021 indeque

295 1030 471 1067 virilitate
516 1028 684 1079 spoliatos
743 1028 952 1077 significare

296 1088 425 1139 possit.

506 1171 617 1222 Cap.
648 1170 744 1208 cvl

353 1253 418 1296 ἔπι
415 1253 506 1325 ῗμέν
524 1269 599 1294 νυν
622 1250 727 1294 (inrui
745 1251 813 1293 καὶ
831 1253 953 1294 εἴκοσι

299 1311 384 1352 ἔτεα
403 1313 528 1364 ἦρχον
548 1314 620 1363 τῆς
638 1307 773 1361 Ἀσίης
796 1326 834 1350 οι
825 1307 953 1350 ’Σκύ-

297 1368 397 1419 θαι]
430 1368 494 1408 ἐπὶ
517 1373 573 1406 est
589 1381 674 1418 per,
703 1368 954 1418 temporisque

298 1426 605 1464 continuationem
653 1425 799 1461 indicat.
867 1425 952 1461 vid.

297 1482 459 1520 Fischer.
483 1483 530 1519 ad
541 1481 688 1519 W'eller.
699 1481 764 1528 ΙΙΙ,
774 1481 797 1518 b
809 1495 845 1531 p.
857 1480 951 1522 244.

301 1560 349 1566 —-
393 1539 452 1576 De
490 1539 572 1588 ipso
612 1543 827 1587 argumento
857 1538 953 1574 conf.

296 1596 477 1633 Herodot.
494 1595 532 1643 Ι,
555 1597 635 1636 130
655 1599 691 1632 et
710 1606 804 1643 quae
822 1594 871 1630 ibi
887 1606 952 1630 an-

297 1655 480 1690 notantur.
528 1651 670 1688 Sufficit
686 1651 755 1687 hoc
772 1649 852 1687 loco
872 1663 952 1686 mo-

297 1721 386 1746 nere
409 1708 456 1745 de
483 1707 626 1744 illorum
648 1719 794 1753 errore,
826 1706 888 1755 qui
914 1706 952 1743 in

296 1764 478 1802 Herodoti
507 1764 627 1802 verbis
670 1764 804 1802 menda
838 1763 951 1801 latere

292 1822 523 1872 suspicentur
551 1832 814 1869 numerumque
836 1832 952 1856 anno-

292 1891 373 1915 rum
409 1878 497 1915 inde
537 1881 677 1915 mutare
711 1876 834 1914 velint.
892 1875 951 1912 Ex

293 1933 468 1971 Larcheri
495 1933 635 1971 calculis
654 1933 692 1970 hi
720 1933 847 1981 viginti
868 1936 950 1968 octo

294 1990 380 2027 anni
400 1990 563 2027 incidunt
585 1990 623 2025 in
653 2002 790 2026 annum
812 1990 894 2031 633
917 2000 950 2025 a.

299 2045 387 2082 Chr.
428 2058 465 2082 n.
504 2058 622 2094 usque
656 2046 704 2082 ad
731 2044 836 2092 605,
877 2056 950 2092 quo

298 2101 381 2151 ipso
416 2100 575 2149 Scythae
609 2101 805 2138 eiiciantur.
863 2099 953 2136 vol-

299 2157 402 2195 neius
423 2161 543 2194 autem
562 2158 748 2194 constituit
766 2169 850 2194 ann.
869 2156 951 2197 625

299 2234 357 2242 —
377 2213 470 2254 598.
514 2213 637 2250 Verba
669 2226 773 2263 seqq.
809 2211 878 2252 καὶ
904 2227 952 2251 τα

299 2263 771 2309 παντα-ἆνάστατα
796 2271 850 2321 ἠν
871 2283 954 2307 eum

297 2325 502 2374 Schweigh.
530 2330 671 2364 vertere
699 2325 799 2364 licet:
837 2329 954 2363 omnia

299 2403 356 2411 —-
376 2395 502 2432 susque
523 2381 631 2432 deque
657 2383 861 2420 habuerunt.
893 2383 952 2420 Cf.

299 2440 337 2488 1,
357 2442 423 2480 76
443 2441 594 2480 79.97.
616 2439 694 2480 155
713 2445 781 2477 etc.

355 2493 475 2546 χωρὶς
488 2492 559 2546 μὲν
570 2510 642 2547 γαρ
656 2491 805 2546 φόρων
814 2494 954 2547 ε’-πρησ

301 2563 372 2591 σον
387 2547 478 2602 παρ’
499 2548 674 2590 ἕκαστων
694 2568 737 2591 το
756 2548 954 2592 ἑκάστοισι

300 2606 515 2660 ἐπέβαλλον
535 2623 571 2647 κ.
590 2623 621 2646 τ.
642 2611 688 2655 λ.]
714 2608 816 2647 Libri
835 2610 952 2647 necin

298 2665 352 2703 his
371 2678 438 2703 nec
457 2665 495 2701 in
514 2666 750 2714 sequentibus
771 2666 876 2704 valde
889 2679 954 2703 va·

299 2723 412 2770 riant,
436 2722 507 2758 nisi
540 2723 640 2771 quod
658 2721 955 2760 Schellershemi-

298 2791 390 2815 anus
408 2775 600 2829 ἐπέβαλον
613 2807 623 2826 ,
654 2780 753 2827 (1110(1
773 2780 850 2816 iure
878 2792 953 2816 non

299 2834 469 2885 displicet
478 2835 835 2884 Schweighaeusero.
847 2836 954 2872 Tunc

302 2892 395 2929 enim
416 2904 562 2930 sensus:
591 2892 822 2942 „exigebant
838 2905 860 2930 a
879 2894 953 2931 sin·

1017 915 1112 964 gulis
1145 915 1345 963 tributum,
1384 915 1486 965 quod
1519 913 1672 962 singulis

1017 974 1262 1022 imposuerant.
1273 973 1299 992 “
1368 970 1418 1009 At
1455 968 1674 1021 ἐπέβαλλον

1018 1029 1051 1065 si
1075 1028 1255 1075 retineas,
1280 1029 1364 1066 erit:
1395 1027 1628 1076 „exigebant
1650 1039 1673 1064 3

1021 1084 1174 1134 singulis
1199 1085 1298 1133 quod
1325 1083 1477 1134 singulis
1505 1085 1675 1133 imponere

1023 1141 1177 1179 solebant
1187 1141 1228 1185 ‚·“
1255 1141 1309 1178 ita
1334 1144 1374 1178 ut
1396 1152 1474 1178 non
1500 1140 1548 1178 de
1574 1143 1674 1178 certo

1023 1198 1184 1248 quodam
1206 1197 1340 1234 tributo
1350 1196 1521 1248 imposito
1536 1195 1583 1233 sit
1598 1208 1677 1233 ser-

1022 1268 1104 1303 mo,
1133 1255 1200 1292 sed
1229 1254 1277 1292 de
1306 1267 1374 1301 eo,
1405 1253 1502 1303 quod
1524 1253 1592 1290 hac
1617 1251 1675 1290 vel

1023 1311 1083 1349 illa
1110 1311 1301 1349 occasione
1337 1310 1482 1357 oblata,
1519 1308 1674 1346 subditis

1022 1369 1211 1418 imponere
1229 1368 1388 1416 indeque
1407 1367 1553 1415 exigere
1578 1363 1674 1402 sole-

1023 1425 1110 1461 bant
1136 1428 1283 1474 praeter
1317 1424 1489 1460 tributum
1521 1421 1674 1460 solemni

1022 1493 1066 1519 ex
1091 1480 1173 1529 lege
1195 1481 1300 1529 quasi
1318 1480 1545 1530 impositum;
1573 1478 1674 1515 cuius

1021 1537 1114 1574 ratio
1136 1537 1312 1574 habeatur
1323 1537 1443 1574 verbis
1464 1533 1584 1587 χωρὶς
1601 1531 1675 1586 μὲν

1020 1590 1096 1647 γάρ
1122 1588 1270 1644 φόρων.
1312 1593 1389 1630 Sed
1408 1594 1596 1640 negotium
1617 1592 1674 1628 fa-

1019 1654 1167 1688 cessunt
1188 1649 1298 1686 verba
1316 1649 1486 1686 continuo
1496 1648 1675 1686 subiecta:

1019 1704 1139 1758 χωρὶς
1176 1702 1219 1744 δὲ
1264 1707 1339 1745 τοῦ
1379 1699 1534 1756 φόρου,
1580 1716 1677 1754 quae

1020 1763 1190 1813 equidem
1213 1763 1302 1799 satis
1330 1761 1533 1810 intelligere
1561 1765 1676 1798 recte-

1019 1833 1091 1869 que
1106 1818 1288 1869 explicare
1302 1831 1458 1867 nequeO.
1489 1817 1559 1854 Vix
1577 1817 1673 1855 enim

1019 1876 1147 1923 aliter,
1185 1874 1257 1911 nisi
1286 1887 1330 1912 ex
1362 1874 1584 1923 glossemate
1614 1872 1676 1910 illa

1019 1932 1057 1968 in
1077 1935 1213 1968 textum
1231 1931 1423 1981 irrepsisse
1447 1929 1674 1967 crediderim.

1021 1988 1128 2031 Quae
1148 1987 1206 2024 3111
1229 1987 1277 2023 3(1
1304 1987 1373 2024 1οοί
1397 1986 1674 2035 intelligentiam

1019 2044 1172 2081 attulere
1210 2048 1272 2080 aut
1304 2044 1580 2093 excogitavere,
1630 2055 1675 2080 eo

1019 2101 1137 2149 magis
1170 2099 1386 2150 displicent,
1415 2113 1488 2149 quo
1517 2112 1540 2137 3
1564 2098 1676 2136 libro-

1018 2170 1098 2194 rum
1139 2157 1303 2205 vestigiis
1351 2157 1499 2194 omnino
1544 2156 1678 2193 absunt

1020 2226 1089 2251 nec
1109 2213 1191 2263 ipsa
1213 2214 1443 2251 commodam
1463 2212 1676 2263 explicatio-

1020 2283 1105 2307 nem
1121 2270 1370 2320 suppeditant.
1427 2270 1591 2308 Pertinet
1605 2269 1676 2306 huc

1020 2327 1163 2364 Reiskii
1190 2331 1451 2374 commentum,
1483 2339 1556 2376 (1110
1586 2324 1676 2363 scri-

1021 2384 1145 2420 batur:
1168 2381 1288 2434 χωρὶς
1304 2380 1377 2433 μὲν
1395 2379 1491 2435 γὰρ,
1514 2377 1676 2434 φόρον

1022 2438 1220 2506 ἔπρησσον
1238 2454 1259 2478 τ
1272 2435 1292 2479 ὁ
1304 2454 1327 2478 ν
1346 2439 1499 2487 ἑκαστῃ,
1528 2443 1592 2476 aut
1608 2438 1676 2476 eti-

1020 2510 1081 2534 am
1096 2512 1127 2546 φ
1141 2491 1163 2536 ό
1176 2511 1197 2546 ρ
1212 2510 1232 2535 ο
1244 2511 1281 2534 υ.
1307 2496 1676 2545 Schweighaeuserus

1020 2553 1098 2592 iure
1125 2554 1163 2590 in
1188 2553 1258 2590 loci
1291 2556 1470 2590 structura
1505 2551 1675 2599 offendit,

1020 2622 1131 2659 quam
1158 2622 1235 2645 non
1272 2608 1377 2646 aliter
1419 2623 1460 2647 se
1488 2609 1677 2659 percipere

1020 2679 1133 2717 posse
1153 2666 1227 2712 ait,
1256 2665 1327 2701 nisi
1352 2666 1426 2713 ita,
1455 2670 1497 2702 ut
1524 2678 1592 2716 per
1608 2665 1676 2702 ad-

1019 2723 1239 2772 positionem
1272 2722 1394 2760 iuncta
1427 2722 1677 2770 intelligantur

1019 2780 1110 2817 haec
1129 2779 1202 2815 duo
1223 2775 1413 2829 φόρον,
1440 2783 1478 2817 et
1502 2775 1558 2818 vd
1587 2773 1675 2816 έκοὶ-
1744 2808 1746 2813 .

1022 2846 1148 2875 στοισι
1167 2833 1359 2886 ἐπέβαλον
1396 2839 1434 2873 et
1462 2836 1511 2872 ad
1543 2835 1674 2871 horum
1743 2831 1746 2875 Ξ

1020 2898 1212 2942 utrumque
1239 2893 1418 2931 referatur
1452 2892 1601 2930 verbum
1639 2889 1673 2930 ἔ·
1742 2889 1745 2915 ³
