1805 3315
9 2714 11 2723 ἡ
0 1990 6 2302 β-,ῄ-ἠᾼμ
0 1949 1 1983 111

638 252 933 292 CL10.1.
1377 261 1434 300 35

144 385 218 426 76⁰9
247 367 271 411 ὁ
302 364 488 418 Πάριος,
533 361 643 405 κατὰ
682 360 763 406 τόν
802 362 940 407 αὐτὸν
980 362 1144 419 χρόνον
1187 362 1431 421 γενόμενος,

34 444 98 489 13
146 448 193 492 ἐν
239 443 376 499 ἰάμβῳ
417 440 628 498 τριμέτρῳ
667 441 928 499 ἐπεμνήσθη.
977 440 1102 498 Ἔσχε
1129 441 1176 487 δὲ
1203 442 1284 501 τήν
1311 447 1432 501 βασι-

144 527 286 581 ληΐην,
324 520 399 564 καὶ,
435 519 710 577 ἐκρατύνθη,
739 521 787 566 ἐκ
816 525 896 565 τοῦ
925 521 973 565 ἐν
1001 526 1217 578 Δελφοῖσι
1245 535 1430 580 χρηστη-

98 681 140 724 τὸ
162 680 299 735 γένος,
329 680 415 722 ἐτεὶ
444 679 499 733 μή
530 679 642 734 τύχοι
677 684 749 734 τῆς

99 739 274 790 ἑταίρας,
305 735 378 778 οὐκ
398 734 635 790 ἐνεχόμενος
657 735 751 792 βρό-

99 811 153 861 χῳ
180 792 318 835 ἑαυτὸν
339 791 560 847 ἀνήρτησε
596 794 658 836 διο
675 812 753 846 φυ-

100 837 301 901 λάξασθαι
339 868 392 899 ως
422 849 595 904 ἅπεχθὲς
625 853 752 892 εἰπεῖν

99 906 143 950 τό
167 912 238 960 τῆς
267 907 457 956 Νυσίας
447 907 572 959 ὄνομα
596 905 753 963 ‘Hebdo-

100 981 183 1006 τον.
199 967 226 987 “
258 965 405 1004 Nomen
430 967 563 1006 Νυσία
591 981 621 1005 s,
646 970 754 1006 Νυσ-

101 1022 167 1062 σία
189 1027 307 1060 utrum
329 1036 351 1060 a
370 1018 505 1062 νύσσω
538 1024 581 1071 (i.
602 1037 633 1061 e.
660 1025 756 1060 exci-

101 1080 155 1129 to)
184 1091 232 1116 an
252 1092 275 1116 a
293 1075 420 1119 νύσσα
452 1080 592 1130 (arbor)
624 1082 670 1118 sit
698 1093 755 1117 re-

101 1136 319 1186 petendum,
376 1136 487 1174 nolim
533 1138 753 1174 discernere.

104 1192 163 1230 Cf.
183 1192 353 1230 Creuzer.
368 1192 527 1242 Symbol.
542 1193 591 1230 111
608 1207 646 1243 p.
663 1194 753 1233 137.

113 1248 295 1288 Τουδοῦν
334 1248 443 1297 illud,
481 1261 503 1286 a
531 1249 754 1286 nominativo

109 1300 245 1344 Τουδώ
292 1306 503 1352 formatum,
562 1306 755 1342 Etruscum

102 1361 191 1410 quid
211 1365 273 1398 aut
298 1361 511 1399 Umbricum
541 1375 673 1400 sonare
700 1362 755 1398 vi-

101 1418 216 1454 detur.
245 1417 329 1454 Vid.
359 1416 478 1455 Lanzi
502 1419 539 1455 in
570 1419 685 1467 Sagg.
718 1418 754 1454 di

99 1471 209 1522 Ling.
237 1473 379 1511 Etrusc.
404 1474 438 1511 ΙΙ
465 1488 502 1524 p.
537 1475 627 1515 146.
661 1474 754 1515 149.

102 1529 180 1571 151
213 1530 303 1579 (ubi
336 1529 426 1567 Tute
452 1532 474 1567 i.
499 1545 532 1569 e.
575 1527 756 1578 Τυδεύς)

98 1585 150 1623 ΙΙΙ
178 1599 214 1635 p.
245 1588 327 1628 808
357 1587 552 1636 (Tuticus,
584 1587 712 1624 Tutere
732 1588 758 1624 i.

99 1655 131 1679 e.
165 1641 314 1692 Tuder).
361 1644 460 1682 Add.
501 1644 545 1681 C.
577 1646 625 1682 O.
658 1643 756 1681 Miil-

99 1698 163 1736 ler.
198 1699 362 1737 Etrusce.
404 1700 452 1738 T.
482 1699 509 1736 Ι.
548 1713 636 1752 pag.
672 1699 757 1741 334

99 1767 178 1804 seq.
207 1755 305 1792 Nam
335 1755 542 1794 Tuscorum
571 1758 658 1794 urbs
680 1770 758 1794 me-

99 1816 260 1849 moratur
289 1811 419 1851 Tader.

153 1897 228 1935 τοῦ
256 1895 325 1936 καὶ
356 1893 575 1950 Ἆοχίλοχος
611 1897 634 1937 ὁ
670 1893 756 1936 Πεῖ-

99 1967 189 2019 ριος
223 1950 323 1992 κατὰ
356 1970 425 1994 τον
461 1951 581 1994 αὐτὸν
610 1951 756 2006 χοόνον

97 2005 309 2062 γενόμενος
343 2011 386 2051 ἐν
413 2007 544 2066 ἰάμβῳ
565 2010 756 2063 τριμέτρῳ

97 2063 346 2119 ἐπεμνησθη]
398 2068 502 2106 Haec
532 2070 645 2106 verba
666 2081 687 2105 a
712 2068 755 2104 li-

99 2123 217 2160 brario
247 2126 406 2173 quodam
433 2126 658 2163 Heiodoteis
687 2126 754 2161 ad-

98 2179 191 2216 iecta
219 2182 472 2232 suspicabatur
511 2182 559 2219 W
563 2181 733 2230 esseling.
745 2210 756 2229 ‚

99 2236 266 2285 adeoque
311 2239 494 2288 persuasit
539 2238 668 2276 Reizio
720 2239 757 2274 in

100 2291 256 2330 Prae-sat.
292 2307 329 2344 p.
359 2295 460 2331 XIX.
491 2296 569 2332 Sed
598 2295 757 2332 retinen-

100 2351 158 2385 tur
187 2349 248 2386 illa
275 2351 320 2387 ab
349 2352 516 2388 omnibus
546 2351 647 2388 libris
678 2364 757 2388 ma-

101 2406 312 2456 niiscriptiS‚
354 2422 422 2446 nec
453 2409 545 2444 ratio
574 2408 662 2445 mihi
691 2421 756 2457 ap-

100 2466 205 2512 paret
240 2463 354 2512 iusta,
409 2477 470 2501 cur
512 2464 757 2511 Herodotum,

101 2517 165 2566 qui
215 2518 363 2557 aliorum
414 2523 605 2572 poetarum
654 2520 758 2557 testi-

103 2574 224 2611 monia
268 2578 406 2626 passim
460 2578 601 2614 adserat
656 2577 756 2623 (vid.

105 2629 265 2668 Schweio
246 2633 436 2680 Ό ὶι3<3υεοῐ
474 2634 523 2671 ad
552 2634 588 2671 h.
614 2633 636 2670 l.
671 2634 756 2670 add.

105 2682 578 2737 11,156.111,38.121
602 2689 647 2738 V,
669 2690 757 2736 95),

106 2738 164 2776 hic
189 2741 285 2782 idem
313 2746 442 2784 fecisse
472 2759 616 2795 negem.
646 2745 679 2783 Ι
682 2747 759 2795 egit

109 2795 264 2846 denique
311 2801 402 2840 haec
448 2804 560 2841 verba
604 2815 672 2839 suo
720 2804 758 2839 in

107 2851 231 2890 codice
284 2855 438 2896 Rufinus
491 2859 758 2896 Grammaticus

105 2921 144 2958 p-
166 2911 275 2950 2713
302 2913 360 2951 ed.
386 2914 532 2953 Putsch.
563 2919 600 2953 et
627 2915 759 2952 confir-

820 684 911 721 mari
937 683 1107 721 videntur
1128 684 1189 722 illa
1212 685 1376 736 repetitis
1398 699 1478 724 ver-

820 741 877 778 bis
908 740 1010 777 initio
1041 741 1168 792 capitis
1201 754 1281 791 sq.:
1322 741 1407 793 ἔσχε
1433 741 1477 782 δὲ

820 793 895 847 τὴν
924 797 1160 848 βασιληΐην,
1198 810 1293 847 quae
1313 798 1475 848 alioquin

820 854 1009 891 abundare
1036 854 1113 892 iure
1148 854 1295 892 dixeris.
1364 855 1476 899 Quod

821 923 907 947 vero
943 911 990 947 ad
1018 908 1223 948 Archilochi
1243 914 1400 949 aetatem
1420 917 1476 950 at-

821 967 934 1013 tinet,
982 971 1123 1004 veteres
1160 967 1355 1017 scriptores
1400 981 1476 1006 non

822 1024 910 1059 satis
934 1023 1027 1060 inter
1048 1036 1089 1060 se
1115 1024 1356 1071 concordant3
1385 1038 1477 1074 quo-

821 1092 900 1116 rum
949 1092 970 1116 e
1014 1080 1230 1117 testimoniis
1280 1080 1337 1117 vel
1385 1081 1478 1119 circa

822 1135 1032 1184 Olympiad.
1054 1135 1179 1172 XXIII
1204 1135 1263 1173 vel
1284 1136 1357 1173 XV
1385 1139 1478 1188 po'e-

821 1195 859 1228 ta
880 1191 1020 1229 vixerit.
1051 1191 1156 1228 Haec
1185 1190 1215 1226 si
1240 1205 1385 1239 sumas,
1415 1193 1479 1229 Ci-

821 1260 953 1285 cerone
1007 1248 1237 1298 potissimum
1292 1252 1387 1286 teste
1441 1249 1479 1286 in

822 1304 858 1342 T
861 1303 1020 1342 usculan.
1051 1304 1205 1347 Quaest.
1236 1303 1274 1352 I,
1308 1307 1345 1351 1,
1374 1317 1481 1342 accu-

822 1364 900 1398 rate
923 1360 1092 1398 convenit
1119 1374 1200 1398 cum
1230 1374 1274 1398 eo
1301 1364 1480 1412 tempore,

823 1430 896 1466 quo
931 1417 1078 1466 Gygem
1110 1418 1159 1454 ad
1201 1429 1356 1466 regnum
1396 1431 1481 1456 eve-

824 1478 922 1510 ctum
931 1474 1036 1524 ponit
1047 1473 1252 1511 Larcherus
1265 1473 1480 1524 Olympiad.

824 1529 913 1566 XVI
951 1543 980 1566 s.
1020 1529 1101 1570 715
1133 1543 1165 1567 a.
1198 1531 1284 1567 Chr.
1316 1531 1391 1569 vid.
1432 1531 1480 1568 T.

823 1585 892 1623 VH
911 1600 948 1636 p.
971 1588 1064 1627 212.
1088 1586 1182 1627 599.
1212 1586 1305 1623 lllud
1324 1587 1354 1623 si
1372 1600 1482 1637 prae*

823 1643 942 1689 seras,
973 1643 1071 1679 haud
1092 1647 1189 1681 certe
1208 1647 1311 1680 tanta
1331 1648 1388 1681 est
1409 1644 1481 1681 dif-

823 1700 999 1746 ferentia,
1037 1699 1125 1748 quin
1165 1700 1284 1748 Gygis
1319 1700 1482 1749 aequalis

824 1759 935 1806 poeta
972 1755 1041 1791 dici
1078 1756 1218 1805 possit,
1265 1757 1482 1806 praesertim

826 1812 857 1848 si
886 1824 1009 1849 verum
1036 1816 1113 1859 est,
1154 1812 1279 1861 quod,
1309 1817 1483 1851 monente.

829 1868 859 1905 C
869 1880 921 1915 ππ,
951 1869 1139 1905 contendit
1167 1868 1343 1906 Niebuhr.
1367 1869 1478 1906 Rom.

826 1924 960 1962 Gesch.
992 1923 1009 1960 I
1042 1938 1079 1975 p.
1112 1923 1166 1965 44
1205 1930 1282 1962 not.
1325 1926 1378 1966 53
1417 1926 1478 1963 ed.

824 1981 954 2032 plion,
984 1994 1172 2018 numerum
1202 1994 1393 2028 annorum,
1412 1995 1479 2033 per

825 2051 917 2087 quos
953 2051 1108 2086 regnum
1135 2038 1316 2075 tenuerint
1352 2036 1480 2086 Lydo-

824 2108 905 2131 rum
935 2107 1068 2143 reges,
1109 2093 1215 2130 nimis
1254 2098 1399 2131 auctum
1427 2095 1481 2131 vi-

824 2151 914 2188 deri.
955 2151 1014 2188 De
1034 2150 1248 2187 Archilocho
1270 2150 1372 2188 Idem
1395 2151 1483 2188 citat

822 2206 962 2245 Liebel.
1004 2207 1054 2244 ad
1102 2206 1305 2244 Archiloch.
1344 2207 1480 2256 reliqq.

823 2276 912 2314 pag.
967 2266 1032 2305 60.
1086 2266 1151 2304 61.
1196 2264 1340 2301 Fabric-
1384 2264 1480 2301 Bibl.

826 2321 959 2358 Graec.
983 2321 1016 2357 ΙΙ
1037 2334 1076 2370 p.
1100 2323 1180 2360 107
1202 2334 1282 2369 sqq.
1305 2320 1363 2357 ed.
1382 2320 1482 2357 Har-

824 2377 890 2415 les.
914 2378 1089 2414 Senarius
1124 2377 1227 2427 ipse,
1258 2389 1331 2426 quo
1363 2377 1481 2427 respi-

825 2446 907 2471 cere
930 2435 1071 2470 videtur
1093 2433 1307 2469 Herodotus
1321 2462 1331 2481 ‚
1363 2437 1482 2472 exstat

825 2491 925 2540 apud
965 2489 1148 2527 Aristotel.
1195 2489 1367 2527 Rhetorr.
1419 2489 1485 2536 Ill,

827 2550 880 2588 17
924 2546 1002 2585 coll.
1037 2546 1220 2584 Plutarch.
1271 2546 1407 2586 Moral.
1450 2545 1486 2583 Π

826 2617 864 2654 p.
884 2602 979 2650 470,
1000 2603 1044 2640 Β.
1069 2602 1182 2639 Unde
1202 2602 1338 2640 relatus
1365 2607 1423 2641 est
1448 2603 1486 2639 in

824 2660 996 2697 Brunckii
1019 2658 1124 2695 Anal.
1148 2658 1198 2695 T.
1219 2659 1237 2696 I
1268 2673 1304 2710 p.
1326 2659 1394 2708 42,
1424 2659 1486 2696 ubi

824 2717 907 2754 vide
935 2716 1091 2754 Iacobsii
1111 2714 1380 2754 Animadversa
1406 2715 1485 2753 An-

825 2772 912 2810 thol.
936 2773 984 2810 T.
1007 2772 1025 2810 I
1046 2786 1084 2823 p.
1112 2771 1215 2814 155:

885 2854 946 2896 01²5
975 2872 1043 2909 μοι
1071 2853 1120 2894 τρὶ
1151 2852 1287 2909 Γύγεω
1309 2859 1384 2895 τοῦ
1412 2870 1482 2895 πο-

1049 2909 1248 2964 λυχρύσου
1274 2911 1391 2963 μέλει.

1124 2967 1183 3008 3*
