1768 3315
231 1105 311 1132 omni

367 257 450 295 260

759 252 1230 293 HERODOTI

365 360 576 418 χομένους
604 358 791 414 πάντας,
833 362 1108 418 ἐστρατεύετο
1148 362 1218 406 ἐπὶ
1255 362 1334 419 τὴν
1364 363 1533 416 Νῖνον,
1572 378 1629 406 τι-

365 439 548 496 μωρέων
569 455 614 482 τε
640 444 702 498 τῷ
731 442 880 496 πατρὶ,
920 443 994 485 καὶ
1022 441 1102 499 τήν
1136 441 1266 486 πόλιν
1295 439 1458 498 ταύτην
1486 441 1630 485 θέλων

339 519 538 571 5ἐξελεῖν.
587 520 662 562 καί
691 521 760 573 οἱ,
798 519 857 571 ὡς
886 520 1124 577 συμβαλών
1154 522 1322 578 ἐνίκησε
1351 521 1456 572 τοὺς
1485 518 1629 564 Ἀσσυ-

370 599 518 653 ρίους,
549 599 872 655 περικατημένῳ
902 599 981 655 τὴν
1009 603 1178 654 Νῖνον,
1220 601 1381 656 ἐπῆλθε
1411 599 1630 643 Σκυθέων

368 675 552 731 στρατὸς
581 677 730 733 μέγας·

791 676 868 733 ἄγε
904 679 950 721 δὲ
987 678 1148 730 αὐτοὺς
1176 679 1378 736 βασιλεὺς
1407 679 1430 723 ὁ
1460 679 1628 723 Σκυθέ·

370 773 432 800 ων
460 755 670 812 Μαδύης,
701 755 982 810 Πρωτοθύεω
1011 763 1130 809 παῖς·
1172 761 1215 801 οἳ
1243 758 1450 815 ἐσέβαλον
1479 759 1558 815 μὲν
1588 758 1687 809 ἐςΞο

367 835 447 893 τὴν
475 833 641 891 Ἀσίην,
692 837 956 892 Κιμμερίους
992 836 1246 892 ἐκβαλόντες
1282 838 1329 882 ἐκ
1365 842 1438 894 τῆς
1467 836 1629 893 Εὐρώ-

366 932 472 972 πης,
510 913 705 959 τούτοισι
743 916 789 958 δὲ
828 914 1109 972 ἐπισπόμενοι
1149 915 1385 972 φεύγουσι,
1433 917 1548 961 οὕτω
1588 917 1630 968 ἐς

210 1006 310 1050 104
366 994 447 1051 τήν
476 993 685 1051 Μηδικὴν
712 994 859 1052 χώρην
889 993 1112 1039 ἀπίκοντο.

33 1071 169 1111 Scyth-”w⁹
181 1071 312 1098 victores

33 1104 219 1173 lizissiliiiiiiti.
337 1162 359 1195 Ξ
370 1158 415 1197 K
430 1154 439 1167 l
693 1151 702 1165 ι
895 1153 906 1167 e
1003 1154 1012 1168 ,
1154 1152 1164 1167 ‚
1215 1152 1225 1166 ι
1341 1152 1352 1167 e
1398 1151 1409 1165 t

415 1158 570 1210 ολχους
606 1170 841 1210 τριηκοντα
879 1170 1078 1212 ημερεων
1115 1157 1291 1212 ευζωνῳ
1329 1156 1444 1206 οδος.

307 1345 369 1369 suo
392 1330 536 1368 adiecit.
561 1353 606 1358 —
632 1329 691 1368 De
710 1344 730 1368 τ
743 1345 793 1380 ιμ
807 1344 836 1368 ω
850 1345 870 1383 ρ
885 1344 901 1369 ε
915 1331 961 1369 ἴν

306 1403 412 1427 τινι
445 1388 596 1435 (ulcisci
617 1387 795 1436 aliquem)
825 1400 963 1437 paucu-

307 1445 342 1482 la
382 1445 564 1494 quaedam
599 1443 777 1481 Matthiae
810 1442 847 1494 ἓ.
879 1442 962 1484 394

306 1514 392 1552 pag.
430 1504 524 1542 721.
571 1521 628 1528 —
669 1500 711 1536 ln
742 1512 845 1549 seqq.
884 1512 963 1536 cum

306 1557 475 1605 Schwgh.
506 1560 542 1594 et
571 1556 688 1593 Gaisf.
715 1556 887 1593 librorum
919 1568 963 1593 ex

307 1614 522 1650 auctoritate
540 1613 761 1650 restituimus
787 1609 858 1664 ἄγε
869 1628 882 1661 ‚-
900 1625 962 1649 cu-

306 1671 363 1706 ius
392 1669 470 1706 loco
495 1669 664 1718 vulgatae
695 1669 798 1706 editt.
827 1681 850 1706 a
878 1669 964 1706 Ste-

305 1726 428 1776 phano
450 1726 536 1763 iude
557 1719 640 1776 ἦγε.

364 1779 434 1834 ἄγε
466 1779 509 1820 δὲ
547 1777 694 1827 αὐτούς
724 1776 908 1832 βασιλεὺς
939 1778 964 1820 ὅ

307 1837 506 1877 Σκυθέων
548 1833 750 1888 Μαδύης]
809 1837 963 1886 Scytha·

307 1908 387 1932 rum
420 1895 644 1932 incursiones
674 1899 784 1943 atque
813 1894 963 1944 expedi-

308 1952 448 1998 tiones,
477 1952 523 1988 de
552 1952 682 2000 quibus
703 1949 878 1986 nonnulla
899 1949 960 1986 Iu-

308 2008 424 2043 stinus
448 2007 500 2053 ll,
529 2007 565 2047 4.
599 2007 646 2054 5,
668 2007 756 2042 satis
786 2007 961 2043 obscurae

309 2067 406 2099 sunt.
474 2063 536 2100 Sic
572 2063 707 2099 Strabo
749 2061 766 2097 I
804 2075 840 2112 p.
867 2064 958 2102 106.

310 2121 409 2168 p.61
431 2119 489 2156 ed.
512 2119 671 2155 Casaub.
696 2116 847 2167 IlIacIyz's
863 2118 961 2166 regis

310 2175 561 2224 expeditiones
587 2187 629 2211 ac
649 2174 961 2224 peregrinationes

307 2231 446 2278 tangit,
476 2243 544 2267 nec
567 2234 689 2267 tamen
718 2230 823 2279 plura
846 2230 961 2277 addit,

308 2287 440 2336 quibus
482 2286 565 2323 illae
589 2287 787 2323 accuratius
824 2300 963 2335 cogno-

308 2347 466 2379 scantur.
526 2341 669 2379 Meliori
719 2356 797 2379 cuni
845 2345 961 2380 fructu

307 2398 406 2435 haud
417 2398 492 2435 scio
503 2410 550 2434 an
565 2404 817 2448 comparentur
832 2399 961 2436 Nostri

308 2454 377 2491 loci
416 2454 598 2505 potiores:
637 2455 674 2502 l,
702 2457 737 2495 6.
778 2455 829 2496 15
869 2461 905 2493 et
931 2455 961 2502 I,

311 2509 404 2551 104.
434 2510 497 2557 IV,
523 2513 585 2551 11.
608 2513 660 2552 12
688 2511 765 2547 coll.
787 2512 823 2559 l,
845 2514 920 2559 16,
941 2524 961 2549 e

311 2566 443 2615 quibus
474 2567 583 2603 etiam
605 2567 843 2617 proficiscitur
873 2567 962 2604 vol-

312 2622 383 2659 neii
406 2623 453 2659 de
472 2622 527 2658 his
548 2623 752 2672 disquisitio
776 2624 812 2660 in
843 2625 962 2661 Chro-

311 2677 624 2727 nolog.Herodot.
644 2693 680 2729 p.
702 2683 755 2721 69
767 2693 872 2729 seqq.
895 2694 963 2717 no-

313 2734 370 2771 bis
390 2747 501 2784 supra
521 2735 568 2771 ad
590 2735 626 2780 Ι,
649 2738 674 2776 6
694 2736 764 2773 iam
781 2750 962 2774 memora-

312 2794 374 2836 ta,
406 2791 466 2827 ubi
490 2803 564 2827 non
595 2792 641 2828 (le
672 2792 832 2841 pluribus
862 2793 963 2830 Cim-

312 2848 504 2884 meriorum
528 2847 789 2885 incursionibus
803 2878 813 2896 ,
836 2850 903 2887 sed
916 2850 962 2886 de

312 2915 385 2940 una
422 2907 561 2940 tantum
596 2904 695 2954 apud
733 2905 962 2944 Herodotum

1185 993 1308 1038 Ἔστι
1347 995 1392 1039 δὲ
1433 994 1518 1040 ἀπὸ
1555 998 1630 1051 τῆς

369 1076 524 1130 λίμνης
552 1078 629 1130 τῆς
666 1074 916 1131 Μαιήτιδος
954 1075 1023 1118 ἐπὶ
1068 1078 1210 1118 Φᾶσιν
1249 1075 1447 1131 ποταμὸν
1483 1075 1557 1118 καὶ
1585 1074 1630 1126 ἐς

1506 1153 1555 1198 ἐκ
1584 1153 1630 1197 δὲ
1641 1160 1687 1195 25

1032 1330 1102 1368 dici
1135 1329 1333 1368 contendit.
1392 1330 1500 1367 Conf.
1540 1341 1688 1379 quoque

1032 1387 1080 1423 ad
1098 1387 1137 1434 Ι,
1163 1386 1226 1428 15.
1257 1385 1471 1434 Scytharum
1489 1399 1576 1423 vero
1593 1386 1687 1423 hanc

1030 1443 1273 1480 incursionem
1285 1472 1295 1490 ‚
1352 1456 1425 1491 qua
1470 1442 1686 1480 Cimmerios

1032 1500 1198 1546 insecuti,
1208 1498 1342 1536 Medos
1353 1500 1515 1536 vicerunt
1522 1512 1686 1536 omnem-

1033 1569 1104 1605 que
1147 1557 1260 1594 serme
1292 1554 1417 1592 Asiam
1450 1559 1685 1606 occuparunt,

1033 1613 1186 1650 eandem
1199 1616 1308 1660 atque
1320 1611 1587 1648 Chaldaeorum
1596 1612 1686 1648 suis-

1033 1682 1073 1706 se
1094 1669 1301 1706 existimant
1319 1668 1385 1704 viri
1408 1667 1526 1715 docti,
1556 1667 1686 1717 quibus

1032 1725 1229 1763 assentitur
1248 1724 1453 1763 Heerenius
1471 1724 1585 1762 Ideen
1602 1723 1640 1773 I,
1660 1728 1687 1766 2

1031 1794 1118 1833 pag.
1136 1784 1230 1824 269.

1238 1865 1270 1902 C
1281 1876 1303 1901 a
1314 1878 1352 1916 p.
1383 1864 1478 1902 CIV.

1084 1944 1299 2002 τριήκοντα
1326 1946 1505 2000 ’ἡμερέων
1526 1944 1684 2003 εὐζώνῳ

1028 2001 1144 2055 ὁδός]
1177 2003 1347 2052 εὔζωνος
1369 2007 1497 2043 eodem
1517 2019 1628 2043 sensu
1653 2006 1684 2054 I,

1030 2065 1056 2103 7
1059 2066 1096 2103 2.
1126 2062 1248 2112 Ipsam
1269 2075 1477 2099 mensuram
1496 2062 1541 2099 ab
1561 2062 1686 2100 Hero-

1030 2119 1119 2155 doto
1154 2118 1350 2155 indicatam
1384 2119 1443 2155 vix
1480 2123 1683 2156 accuratam

1029 2175 1163 2221 videri,
1195 2188 1262 2212 nec
1283 2188 1326 2212 eo
1344 2175 1487 2223 valere,
1513 2178 1572 2223 ut,
1594 2175 1683 2224 quid

1030 2231 1108 2268 aliis
1127 2231 1215 2268 locis
1237 2231 1341 2268 simili
1361 2244 1552 2269 mensurae
1571 2232 1684 2269 modo

1030 2288 1226 2335 indicatur,
1255 2288 1343 2326 inde
1374 2288 1611 2326 demetiamur
1641 2300 1684 2325 ac

1030 2345 1245 2381 definiamus
1256 2373 1267 2391 ‚
1284 2357 1390 2382 nemo
1411 2345 1572 2393 negabit.
1584 2343 1683 2382 Nam

1029 2400 1109 2451 ipse
1135 2401 1347 2439 Herodotus
1377 2401 1414 2437 in
1436 2401 1546 2438 hasce
1561 2400 1684 2449 regio-

1030 2470 1095 2494 nes
1119 2457 1309 2507 pervenire
1329 2470 1403 2493 non
1420 2457 1550 2507 potuit.
1571 2457 1681 2494 Conf.

1028 2513 1248 2550 Dahlmann.
1272 2513 1412 2550 Herod.
1429 2526 1515 2562 pag.
1539 2514 1593 2553 97
1605 2516 1681 2549 not.

1028 2568 1159 2607 Monet
1179 2569 1381 2617 Schweigh.
1397 2569 1492 2606 infra
1510 2569 1572 2617 IV,
1588 2571 1682 2616 101,

1030 2625 1091 2662 ubi
1114 2626 1162 2663 de
1176 2625 1306 2662 iisdem
1326 2638 1445 2663 sermo
1473 2630 1531 2663 est
1556 2625 1681 2674 regio—

1030 2681 1158 2729 nibus,
1198 2681 1363 2718 diurnum
1406 2682 1475 2719 iter
1516 2681 1681 2719 ducentis

1029 2738 1157 2774 stadiis
1175 2738 1415 2787 aequiparari.
1471 2737 1569 2775 Hinc
1588 2750 1681 2787 quo-

1029 2794 1125 2830 niam
1145 2793 1204 2830 ille
1232 2806 1403 2831 numerus
1426 2794 1576 2843 triginta
1601 2793 1679 2831 die-

1028 2863 1107 2886 rum
1134 2850 1231 2886 iusto
1266 2850 1382 2886 maior
1407 2850 1521 2887 videri
1545 2850 1678 2900 possit,

1027 2906 1242 2957 praesertim
1258 2919 1338 2944 cum
1363 2906 1401 2954 Ι,
1430 2909 1486 2947 72
1517 2906 1679 2956 quinque
