1759 3324
610 261 831 303 cL10.
888 261 917 302 l.
1320 261 1405 302 399

1462 366 1573 396 Murus
1595 369 1741 399 interior-x

1460 401 1555 462 fxii?
1567 404 1741 467 Βεῖἰθὲῑὶἓιξιέ

1461 469 1557 505 plum.

14 384 111 431 181
137 378 288 436 ταμόν,
343 381 484 422 Τοῦτο
512 373 592 431 μὲν
620 372 674 430 δὴ
701 371 752 418 τὸ
777 375 915 428 τεῖχος
942 368 1096 428 θώρηξ
1124 368 1224 414 ἐστί.
1255 368 1406 424 ἕτερον

137 459 184 503 δὲ
214 459 380 503 ἔσωθεν
406 459 543 510 τεῖχος
569 456 766 508 περιθεῖ,
825 450 880 495 οὐ
920 454 1068 509 πολλῷ
1107 449 1188 509 τέῳ
1228 448 1406 493 οἷσθενέ-

108 545 292 592 Ξστερον
318 537 399 578 τοῦ
427 533 579 588 ἑτέρου
608 533 790 589 τείχεος,
839 529 1112 588 στεινότερον
1142 527 1200 574 δέ.

1256 528 1327 574 Ἐν
1359 529 1406 574 δὲ
1473 572 1476 573 ⁷

138 615 298 674 φάρσεϊ
323 612 511 670 ἑκατέρῳ
539 616 618 672 τῆς
646 610 800 665 πόλιος
839 612 1069 669 τετείχιστο
1099 609 1148 654 ἐν
1176 608 1316 668 μέσῳ·
1358 608 1407 654 ἐν
1419 615 1465 651 75

81 841 122 876 ut
134 836 243 875 verba
260 833 327 874 καὶ
343 828 462 874 αὐταὶ
483 833 640 872 delenda
651 847 737 872 cen-

64 898 201 941 seret,
241 893 412 943 equidem
432 904 508 928 non
538 892 627 928 satis
647 905 736 942 per-

80 951 204 1002 spicio.
261 951 357 987 Sunt
386 949 447 985 illa
491 949 618 985 addita
658 961 738 985 ma-

80 1008 146 1045 iori
167 1007 325 1056 quadam
347 1018 426 1044 cum
443 1006 477 1042 vi
490 1034 501 1052 ,
531 1006 578 1042 ad
599 1005 738 1042 facilio-

81 1077 158 1102 rem
194 1064 263 1101 loci
310 1062 586 1111 intelligentiam
626 1065 738 1111 atque

81 1121 389 1173 perspicuitatem.
449 1119 560 1156 Haud
590 1119 737 1168 quidem

82 1191 203 1226 neg0‚
229 1177 296 1214 illis
326 1176 497 1223 remotis,
536 1174 653 1212 locum
681 1176 738 1212 in-

82 1234 198 1283 telligi
214 1247 348 1284 posse,
377 1245 498 1271 verum
524 1232 622 1270 idem
650 1245 738 1270 con-

84 1292 220 1338 tendo,
239 1291 468 1329 Herodotum
487 1301 531 1326 ea
547 1302 616 1339 pro
637 1302 740 1327 more

85 1361 152 1385 suo
173 1347 362 1385 addidisse
381 1347 458 1385 sive
477 1346 671 1397 repetiisse
691 1346 740 1383 ad

85 1404 269 1442 meliorem
296 1403 550 1454 descriptionis
578 1416 667 1441 suae
685 1403 743 1440 in-

83 1460 343 1510 telligentiam,
380 1473 428 1498 ne
457 1460 570 1497 ullum
592 1460 743 1498 dublum

83 1517 220 1568 legenti
235 1517 512 1568 relinqueretur.

235 1601 267 1639 c
279 1614 302 1640 a
311 1615 349 1654 p.
381 1599 591 1641 chxxt.

139 1687 258 1726 τοῦτο
278 1683 350 1736 μὲν
368 1682 417 1735 δὴ
437 1683 482 1725 τό
500 1688 626 1736 τεῖχος
651 1679 742 1724 θώ-

85 1742 159 1795 ρηξ
176 1739 281 1794 ἔστί]
311 1742 485 1792 Intelligit
505 1755 648 1780 murum
678 1754 742 1780 ex-

84 1800 276 1847 teriorem,
306 1799 354 1837 de
371 1813 444 1849 quo
472 1799 511 1847 I,
534 1801 637 1846 179,
666 1799 744 1836 sive

85 1856 350 1893 munimentum
397 1856 497 1893 istud
560 1856 739 1902 exterius,

87 1913 187 1962 quod
212 1912 338 1950 urbem
366 1913 543 1951 adversus
581 1913 741 1950 hostium

86 1968 242 2019 impetus
296 1970 519 2007 extrinsecus
568 1973 741 2007 tueretur.

86 2025 195 2063 Hunc
211 2038 353 2063 murum
379 2027 554 2063 maiorem
573 2029 606 2064 θ
621 2022 652 2064 ω’
667 2041 688 2078 ρ
699 2040 742 2076 η-

87 2095 148 2121 κα
163 2086 288 2130 vocat,
315 2087 357 2119 ut
376 2083 438 2133 qui
458 2083 584 2120 urbem
602 2096 646 2121 eo
662 2095 743 2120 mo·

88 2138 161 2187 do,
189 2151 262 2188 quo
286 2138 398 2177 lorica
429 2140 610 2178 hominem
637 2143 743 2178 tuea-

87 2197 146 2232 tur
173 2198 285 2244 atque
319 2197 481 2246 obtegat.
548 2198 611 2234 Sic
645 2201 744 2235 recte

89 2252 237 2302 exponit
259 2252 463 2302 Schweigh.
492 2253 530 2291 in
550 2253 641 2292 Lex.
665 2253 745 2291 He-

88 2307 206 2345 rodot.
236 2307 346 2346 Italus
362 2310 544 2361 interpres
567 2310 747 2349 Nostrum

89 2362 188 2413 loqui
209 2369 334 2404 censet
352 2395 378 2415 „
390 2380 458 2405 con
475 2368 540 2419 piu
558 2368 675 2405 ardita
699 2367 745 2405 fi—

91 2431 193 2469 gnra
196 2421 222 2441 “

150 2471 199 2515 ου’
217 2479 352 2533 πολλῳ
377 2477 473 2534 τέῳ
502 2475 746 2521 ἆσθενὲστε-

93 2530 190 2583 ρον]
218 2532 277 2572 De
294 2534 368 2590 τέῳ
388 2541 426 2575 et
445 2539 563 2576 forma
583 2539 671 2589 (pro
690 2553 746 2577 τι-

93 2588 154 2636 νι)
175 2593 212 2626 et
228 2601 296 2628 usu
311 2595 404 2631 conf.
426 2593 558 2632 Matth.
584 2596 651 2633 Gr.
679 2596 746 2634 Gr.

92 2655 180 2694 Pag·
199 2645 292 2688 284.
319 2651 413 2691 911

108 2701 353 2770 Ἡτετείχιστο
382 2705 424 2745 ἔν
453 2704 582 2762 μέσῳ·
622 2705 665 2748 ἐν
690 2710 748 2764 τῷ

95 2747 171 2806 ἦεν
188 2753 236 2796 τοὶ
261 2758 451 2814 βασιλήϊα
477 2779 513 2803 κ.
534 2779 566 2803 τ.
585 2763 635 2816 λ.]
675 2765 747 2804 Se-

97 2811 168 2848 cuti
189 2825 311 2852 sumus
338 2818 374 2855 in
402 2819 458 2856 his
483 2820 686 2871 Schweigh.
710 2825 749 2860 et

99 2867 231 2916 Gaisfi,
250 2873 309 2920 qui
335 2873 504 2914 librorum
521 2882 747 2916 vetustorum

97 2921 287 2965 lectionem
315 2931 559 2972 restituerunt.
601 2934 750 2973 Grono-

804 833 884 871 vius
903 834 1108 871 correxerat
1136 828 1179 871 ἕν
1208 832 1264 886 τῷ
1297 827 1389 882 μὲν
1414 828 1464 871 τοὶ

806 891 867 942 β.,
898 890 955 928 cui
990 888 1235 939 adstipulatur
1260 888 1467 927 Wesselin-

805 948 887 997 gius
918 947 967 984 ad
993 946 1149 984 Diodor.
1181 945 1238 994 II,
1273 947 1299 987 8
1330 958 1468 997 provo-

806 1017 904 1042 cans,
942 1003 1109 1042 Koenius
1139 1002 1319 1041 maluerat
1346 1001 1389 1042 ἔν
1410 1004 1468 1058 τῷ

805 1061 897 1113 μὲν
936 1058 1011 1099 ἓνὶ
1025 1090 1035 1108 ,
1086 1060 1187 1109 quod
1222 1060 1466 1110 responderet

804 1118 926 1156 verbis
972 1117 1212 1166 sequentibus
1245 1115 1288 1156 ἐν
1333 1113 1376 1155 δὲ
1408 1117 1468 1170 τῷ

806 1173 936 1228 ἑτέρῳ.
995 1174 1072 1211 Sed
1094 1173 1212 1222 magis
1240 1172 1375 1223 placuit
1405 1173 1464 1220 iis,

806 1232 869 1281 qui
915 1235 1002 1282 post
1036 1230 1269 1268 Herodotum
1303 1230 1467 1277 edidere,

810 1287 990 1325 Gronovii
1011 1286 1242 1334 emendatio,
1269 1298 1379 1335 quam
1398 1286 1468 1323 im-

807 1344 988 1396 pugnavit
1004 1343 1208 1392 Schweigh.
1217 1342 1390 1392 vulgatae
1413 1342 1470 1380 le·-

810 1402 920 1439 ctioni
945 1400 1203 1457 patrocinans,
1232 1399 1270 1436 in
1296 1412 1369 1449 qua
1387 1411 1467 1437 me-

810 1459 900 1497 rito
925 1458 1081 1495 formam
1117 1457 1190 1508 ἦεν
1234 1456 1470 1495 Homericam

811 1527 939 1553 omnes
960 1514 1065 1562 libri,
1095 1526 1169 1551 uno
1201 1517 1375 1564 excepto,
1406 1511 1470 1562 qui

812 1572 924 1610 offert
953 1567 1056 1619 εἶεν,
1087 1570 1277 1618 exhibent,
1306 1573 1348 1607 ut
1374 1570 1471 1606 infra

809 1628 840 1676 I,
866 1630 959 1669 196.
1015 1626 1070 1664 Ac
1095 1628 1343 1665 necessarium
1361 1627 1472 1664 docet

812 1684 982 1733 Schwgh.
1003 1697 1087 1741 esse
1105 1684 1256 1722 verbum
1282 1682 1471 1735 praeteriti

812 1741 989 1792 temporis
1026 1741 1079 1791 ἠν
1118 1753 1148 1777 s.
1184 1734 1278 1791 ἦεν,
1317 1743 1472 1791 propter

811 1799 942 1845 verba,
985 1810 1080 1847 quae
1121 1801 1377 1848 opponuntur:
1429 1793 1471 1842 ἔς

811 1852 879 1905 ἐμὲ
895 1856 1014 1893 τοῦτο
1039 1852 1091 1893 ἔτι
1109 1850 1190 1894 ε’όν.
1248 1853 1329 1892 Nec
1349 1852 1469 1903 parti-

810 1911 926 1949 culam
949 1908 1022 1962 μὲν
1040 1923 1152 1960 aegre
1180 1910 1262 1960 quis
1282 1910 1472 1949 desidera-

810 1969 887 2016 bit,
905 1981 999 2018 quae
1018 1968 1166 2018 quidem
1190 1967 1382 2005 commode
1403 1966 1472 2003 ad-

812 2025 850 2062 di
875 2029 1047 2075 poterat,
1076 2037 1145 2062 nec
1175 2024 1296 2061 minus
1322 2024 1419 2061 bene
1430 2036 1474 2059 o-

810 2082 915 2119 mitti.
972 2081 1104 2133 Nuper
1148 2082 1297 2131 quidem
1336 2079 1473 2118 exstitit

812 2140 944 2177 Struve
970 2138 1148 2190 (Specim.
1172 2138 1325 2182 Quaest.
1348 2137 1474 2174 Hero-

813 2197 889 2233 dot.
907 2210 944 2247 p.
961 2196 1017 2237 37
1038 2196 1159 2245 not),
1196 2195 1260 2245 qui
1292 2192 1473 2231 Gronovii

812 2252 1005 2291 lectionem
1040 2265 1149 2290 unam
1187 2252 1341 2304 probam
1375 2250 1474 2287 iudi-

814 2313 894 2358 cat,
924 2310 1063 2360 quippe
1086 2322 1196 2359 quam
1219 2309 1301 2360 ipsa
1327 2307 1472 2359 periodi

814 2367 1054 2404 conformatio
1078 2371 1115 2404 et
1145 2379 1231 2403 usus
1254 2378 1330 2403 non
1350 2365 1476 2402 Hero-

814 2423 893 2461 doti
913 2423 1031 2461 solum
1051 2424 1116 2461 sed
1140 2423 1302 2460 omnium
1324 2420 1474 2459 omnino

814 2480 1032 2537 scriptorum
1052 2480 1226 2537 postulet.
1283 2478 1338 2517 Ac
1364 2490 1475 2530 prae-

813 2541 916 2575 terea
942 2538 1017 2588 ’ἦεν
1040 2551 1071 2574 s.
1101 2538 1151 2588 ῆε
1175 2536 1360 2574 soloecum
1388 2547 1473 2573 esse

813 2594 1050 2645 pronuntiat,
1077 2594 1240 2644 itemque
1259 2591 1340 2643 ε’.ην
1378 2591 1474 2629 Ver-

815 2651 902 2688 bum
922 2651 1130 2702 τετείχιστο
1160 2651 1265 2700 (nam
1283 2650 1353 2697 ita,
1384 2651 1424 2686 ut
1442 2647 1473 2696 I,

819 2711 901 2751 180
922 2709 1001 2746 init.
1026 2708 1206 2746 edidimus
1236 2719 1307 2758 pro
1338 2704 1474 2745 ἐτετεί-

814 2765 942 2817 χιστο)
971 2764 1262 2816 impersonaliter
1293 2764 1362 2802 erit
1382 2761 1476 2800 acci-

814 2822 1010 2874 piendum:
1039 2824 1214 2859 munitum
1240 2824 1318 2858 erat
1346 2833 1375 2856 s.
1395 2830 1475 2855 mu-

814 2881 963 2917 nitiones
980 2882 1181 2917 exstructae
1197 2880 1296 2915 erant
1324 2890 1353 2913 S.
1373 2874 1476 2912 aedi-

806 2936 902 2986 ficia
932 2938 1082 2975 munita.
1140 2935 1200 2973 Ad
1233 2933 1375 2972 dativos
1408 2943 1476 2970 πε-
