1759 3324
513 239 1034 281 EUTERPE.11.

1310 239 1395 278 637

132 357 177 400 δὲ
205 353 399 412 μυγαλάς
427 353 500 396 καὶ
528 350 633 401 τούς
669 352 822 405 ἴρηκας
855 346 1078 403 ἀπάγουσι
1117 347 1158 398 ἐς
1190 349 1451 389 Βουτοῦυὲο

101 436 280 478 4πόλιν·
310 431 388 483 τὰς
416 432 460 475 δὲ
490 433 576 487 ἴβις
605 429 646 481 ἐς
670 429 834 485 Ἑρμέω
857 429 998 472 πόλιν.
1030 426 1106 478 τὰς
1127 426 1172 470 δὲ
1190 424 1393 480 ἄρκτους,

74 638 247 692 ἰχνευταὶ
268 634 517 687 θάπτονται]
551 635 723 688 ἰχνευταὶ

74 701 157 735 sunt
177 697 430 743 ichneumones,
462 695 513 731 uti
535 695 724 745 appellan-

73 759 129 791 tur
163 753 261 802 apud
287 752 436 789 Diodor.
460 752 568 788 Sicul.
599 752 637 799 l,
657 755 723 792 83.

71 810 166 848 Add.
187 809 363 847 Nicandr.
384 809 497 846 Ther.
515 809 560 856 V,
582 808 661 849 195
684 812 723 845 et

70 865 228 915 Hesych.
257 880 284 902 s.
304 879 336 902 v.
394 865 453 903 De
482 865 562 915 ipsa
592 865 722 912 bestia,

72 936 166 973 quae
195 922 382 959 crocodilis
415 922 549 958 infesta
583 921 724 968 (licitur,

70 980 173 1031 plura
194 984 342 1016 narrant
359 978 544 1015 Diodorus
564 978 673 1015 Sicul.
693 977 723 1025 Ι,

71 1039 138 1078 87.
168 1036 308 1073 Aelian.
330 1036 380 1072 H.
410 1035 479 1072 An.
509 1034 576 1080 VI,
602 1036 657 1075 38
687 1038 723 1072 et

70 1094 121 1131 Ill
140 1123 150 1140 ,
174 1096 239 1133 22.
282 1092 373 1129 Plin.
393 1091 441 1128 H.
459 1089 507 1127 N.
536 1090 721 1137 V111,34.

71 1150 299 1198 „Pharaonis
320 1162 398 1186 mus
421 1160 567 1196 quoque
588 1148 720 1194 (lictus,

71 1220 179 1256 quem
198 1206 346 1243 viverris
372 1216 564 1241 accensere
591 1202 720 1250 solent,

70 1267 165 1301 teste
185 1263 309 1300 Leske
334 1263 370 1298 in
393 1260 722 1309 Naturgeschichte

69 1333 155 1371 pag.
178 1322 268 1360 176.
308 1319 416 1355 Conf.
445 1317 648 1366 interprett.
673 1316 722 1353 ad

68 1376 247 1414 Ammian.
296 1373 458 1412 Marcell.
494 1373 628 1420 XXII,
670 1371 721 1413 15

70 1431 107 1484 ὃ.
135 1433 226 1474 19.“
266 1430 329 1468 Cr.
387 1430 446 1467 De
477 1429 597 1466 Batus
632 1429 721 1465 urbe

70 1490 165 1527 conf.
199 1489 248 1525 ad
274 1488 329 1535 Il,
358 1487 449 1528 155.
481 1507 538 1514 ——-
567 1485 723 1537 μυγαλῆ

70 1547 146 1584 sive
164 1559 239 1582 mus
261 1557 410 1581 araneus
427 1543 475 1579 ad
490 1545 638 1579 soricum
657 1556 723 1591 ge-

71 1616 140 1640 nus
164 1603 337 1647 refertur,
367 1600 644 1648 rarissimaeque
667 1599 722 1635 di-

72 1663 202 1696 cuntur
236 1657 339 1694 huius
367 1656 528 1693 animalis
554 1656 721 1693 mumiae.

71 1715 154 1752 Vid.
177 1714 390 1751 Reinhardt.
421 1713 442 1749 l.
461 1712 482 1749 l.
514 1726 550 1762 p.
575 1714 625 1752 18
646 1726 722 1761 seq.

128 1768 198 1817 τςές
219 1768 260 1808 δὲ
281 1770 358 1818 ἴβις
373 1768 410 1814 ἒς
426 1767 575 1819 Ἑρμέω
589 1765 721 1819 πόλιν]

70 1828 161 1865 Post
198 1827 363 1863 voculam
407 1824 486 1875 ἴβις
515 1825 722 1874 Schweigh.

71 1885 221 1921 inseruit
239 1896 346 1920 voces
362 1879 505 1927 ἐούσας
516 1878 615 1932 forle,
628 1895 723 1931 quae

70 1944 193 1978 tamen
219 1952 240 1976 a
268 1939 427 1976 melioris
459 1943 567 1976 notae
589 1939 723 1975 codici-

69 1997 137 2034 bus
157 1997 290 2033 absunt
312 2000 349 2033 et
374 1995 520 2032 omnino
540 1995 722 2043 glossato-

68 2067 145 2090 rem
182 2054 336 2103 sapiunt.
405 2053 610 2089 Occurrunt
634 2065 721 2088 vero

69 2111 162 2147 duae
182 2111 290 2147 urbes
315 2108 558 2157 Hermopoleos
574 2109 721 2145 nomine

68 2166 287 2215 insignitae,
319 2166 432 2203 altera
458 2178 575 2215 parva
597 2165 634 2201 in
661 2178 719 2202 re-

70 2223 178 2271 gione
214 2222 373 2272 Aegypti
408 2222 587 2259 inferioris
624 2222 719 2258 occi-

69 2278 222 2327 dentali,
253 2292 348 2327 quae
367 2282 467 2315 extra
485 2277 630 2315 Deltam
651 2281 719 2325 est,

68 2348 165 2371 nunc
189 2364 200 2382 ,
246 2337 299 2371 uti
337 2335 494 2382 volunt,
535 2335 720 2384 appellata

71 2390 298 2435 Damanlzar;
347 2392 424 2429 eius
462 2396 584 2428 tamen
621 2391 719 2428 nulla

72 2448 172 2496 apud
202 2448 431 2485 Herodotum
458 2448 617 2495 mentio,
656 2447 718 2497 qui

72 2502 293 2552 Hermopolin
323 2506 423 2541 novit
450 2517 637 2553 magnam,
668 2505 718 2541 si-

70 2562 146 2595 tam
186 2559 223 2596 in
258 2573 302 2597 ea
330 2561 526 2611 superioris
558 2560 718 2611 Aegypti

68 2614 238 2662 regione,
277 2617 332 2653 cui
359 2631 492 2655 nomen
524 2617 719 2668 Heptano-

72 2671 140 2707 mis
160 2700 171 2717 ‚
211 2685 377 2722 quaeque
415 2675 461 2710 ab
501 2674 578 2710 aliis
608 2675 715 2711 etiam

72 2726 253 2764 Thebaidi
287 2730 551 2767 adnumeratur.
619 2731 715 2769 Vide

70 2781 341 2822 Schlichthorst.
366 2786 388 2823 l.
407 2786 430 2823 l.
456 2799 541 2836 pag.
563 2788 627 2828 97.
648 2789 713 2828 98.

70 2836 252 2876 Mannert.
277 2840 299 2877 l.
325 2842 347 2878 l.
378 2843 435 2890 X,
471 2845 494 2883 1
523 2855 609 2893 pag.
631 2844 714 2884 397

72 2906 149 2944 seq.
212 2894 321 2934 Nunc
342 2898 409 2936 illis
444 2898 483 2935 in
508 2900 716 2948 regionibus

791 638 976 674 invenitur
1002 636 1100 672 vicus
1121 635 1268 671 nomine
1295 634 1449 671 Acltmu-

790 707 900 744 neyn,
939 693 1129 741 multaque
1163 705 1185 728 a
1217 691 1331 728 Gallis
1363 695 1449 728 sunt

790 752 938 788 inventa
947 751 1081 787 rudera
1091 749 1365 797 magnificorum
1383 761 1447 785 ae-

790 808 1013 854 dificiorum,
1060 805 1277 855 templorum
1298 834 1308 852 ‚
1348 805 1449 842 colu-

790 877 955 902 mnarum
972 893 982 911 ,
1040 863 1152 912 longe
1189 862 1335 910 lateque
1382 875 1448 912 per

791 934 938 970 campos
957 921 1132 970 dispersa.
1192 919 1299 962 Quae
1324 922 1447 955 tamen

790 990 865 1014 non
891 976 1011 1013 omnia
1040 977 1088 1013 ad
1115 975 1376 1025 Hermopolin,
1407 978 1448 1012 ut

792 1034 887 1070 Galli
914 1034 964 1069 illi
983 1034 1230 1078 contendunt,
1260 1032 1447 1081 pertinere

789 1103 902 1141 posse
933 1094 1039 1140 putat
1072 1089 1289 1126 Mannertns
1316 1089 1395 1125 loco
1421 1089 1444 1126 l.

789 1161 826 1197 p.
850 1148 944 1187 399.
1002 1145 1084 1183 Nec
1121 1145 1228 1183 valde
1264 1149 1446 1182 remotum

789 1204 835 1240 ab
854 1202 1071 1251 Hermopoli
1095 1202 1290 1239 collocatur
1304 1201 1445 1245 Ibeum;

790 1261 853 1308 qui
872 1259 973 1296 locus
994 1260 1117 1295 forsan
1142 1259 1190 1295 ad
1219 1272 1300 1295 eam
1328 1259 1446 1309 ipsam

789 1317 914 1353 urbem
942 1315 996 1352 vel
1024 1319 1121 1353 certe
1148 1316 1195 1351 ad
1231 1315 1309 1352 eins
1337 1316 1446 1352 ‹litio-

790 1386 874 1410 nem
892 1373 1093 1422 proximam
1122 1372 1308 1421 pertinens
1322 1401 1332 1419 ,
1364 1385 1445 1409 cum

789 1430 899 1466 ibium
927 1429 1080 1465 mumias
1110 1428 1286 1478 reciperet
1309 1458 1319 1476 ‚
1358 1429 1446 1466 inde

790 1499 937 1535 quoque
956 1499 1090 1523 nomen
1111 1486 1267 1522 traxisse
1290 1486 1443 1522 videtur.

791 1543 873 1579 Vid.
894 1542 1097 1591 Champoll.
1119 1542 1140 1578 l.
1161 1542 1184 1578 l.
1214 1542 1230 1578 I
1249 1555 1335 1592 pag.
1349 1542 1443 1584 295.

792 1601 874 1640 296
888 1628 898 1646 ,
930 1600 993 1648 qui
1015 1599 1099 1636 ideo
1119 1599 1352 1636 Herodotum
1369 1612 1444 1635 non

791 1668 940 1707 prorsus
960 1660 1129 1692 accurate
1155 1655 1213 1692 hic
1242 1655 1341 1704 loqui
1367 1669 1444 1692 mo-

791 1717 875 1758 net,
905 1725 984 1749 cum
1003 1712 1080 1749 ibes
1097 1712 1311 1761 Hermopoli
1335 1726 1445 1762 repo-

792 1770 878 1805 sitas
910 1782 992 1806 esse
1022 1769 1164 1805 scribat.
1223 1768 1320 1805 Nam
1339 1769 1445 1807 intel-

793 1826 958 1874 ligendas
980 1838 1061 1863 esse
1085 1838 1145 1862 eas
1177 1828 1318 1862 tantum
1351 1827 1443 1874 ibes,

792 1883 940 1931 quaein
958 1882 1101 1931 templis
1121 1882 1257 1918 suerint
1288 1883 1444 1920 nutritae

792 1939 988 1987 (religione
1004 1938 1148 1988 publica
1169 1939 1299 1988 opinor
1313 1952 1444 1976 conse-

791 2000 908 2032 cratas
931 1996 1104 2042 dixeris),
1135 2009 1216 2032 cum
1243 1996 1279 2031 in
1304 1996 1441 2046 cryptis

789 2051 1033 2101 Memphiticis
1069 2052 1230 2088 infinitus
1269 2065 1441 2089 numerus

786 2109 897 2145 ibium
920 2109 1151 2145 conditarum
1172 2113 1338 2158 repertus
1364 2110 1442 2147 fue-

786 2165 843 2202 rit.
892 2165 1127 2202 Domesticae
1145 2165 1255 2214 igitur
1274 2166 1342 2203 hae
1361 2168 1441 2204 sue-

787 2222 860 2258 rint
880 2223 980 2269 ibes,
1016 2222 1099 2260 illae
1121 2222 1288 2273 publicae
1318 2227 1354 2260 et
1382 2236 1442 2260 sa-

787 2291 888 2325 crae;
918 2284 958 2315 ut
983 2280 1078 2316 enim
1110 2279 1258 2327 quaevis
1280 2280 1442 2329 privato—

786 2348 865 2371 rum
888 2337 1016 2372 domus
1044 2348 1110 2386 per
1134 2335 1338 2373 universam
1365 2336 1440 2375 Ae-

787 2395 938 2442 gyptum
963 2406 1067 2430 avem
1095 2405 1195 2429 suam
1216 2405 1355 2430 sacram
1373 2407 1442 2430 nu-

786 2449 875 2485 trire
906 2449 1068 2496 solebat,
1099 2449 1150 2485 ita
1175 2449 1244 2485 ibis
1278 2450 1315 2486 in
1346 2454 1441 2488 tem-

785 2505 856 2556 plis
876 2506 1011 2542 nutrita
1026 2510 1062 2543 et
1077 2505 1181 2554 quasi
1193 2506 1342 2543 deorum
1353 2520 1434 2544 con-

786 2563 967 2599 suetudini
986 2563 1135 2600 admota
1154 2566 1228 2608 est,
1245 2564 1344 2611 quod
1361 2577 1441 2600 mo-

784 2622 848 2655 net
859 2619 1031 2657 Creuzer.
1052 2624 1259 2657 commentt.
1273 2620 1439 2658 Herodd.

782 2688 869 2725 pag.
900 2675 990 2716 164.
1056 2676 1155 2713 Hinc
1187 2677 1287 2713 vario
1327 2678 1438 2714 modo

782 2731 852 2769 hae
887 2745 972 2769 aves
1002 2733 1231 2783 reperiuntur
1256 2734 1439 2781 conditae,

782 2792 822 2824 ut
842 2788 939 2825 idem
956 2793 1094 2827 monet.
1153 2790 1261 2826 Conf.
1281 2790 1437 2828 Iomard.

782 2845 917 2882 recueil
938 2850 1006 2883 etc.
1031 2859 1117 2895 pag.
1140 2847 1223 2887 313
1245 2858 1320 2894 seq.
1379 2845 1438 2883 De

783 2901 864 2951 ipsa
882 2913 949 2939 ave
969 2902 1120 2952 eiusque
1133 2902 1324 2939 sanctitate
1336 2902 1438 2952 apud
