1759 3324
543 277 964 319 EUTERPE.
1019 277 1064 313 ΙΙ.

1342 278 1426 317 827

165 409 209 437 τε
240 392 374 448 ἀρχὴν
399 391 478 433 τόν
506 386 784 443 λαβύρινθον
813 389 972 429 τοῦτον
1014 384 1428 439 οἰκοδομησαμένων

136 469 381 527 6βασιλέων
398 500 410 521 ,
459 466 531 510 καὶ
558 469 646 509 τῶν
676 467 784 519 ἱρῶν
812 464 1121 520 κροκοδείλων.

1185 463 1299 505 οὕτω
1339 466 1426 505 τῶν

162 552 242 605 μὲν
269 547 384 591 κάτω
424 546 521 600 πέρι
560 542 807 601 οἰκημάτων
846 541 960 600 ἀκοῇ
999 541 1328 598 παραλαβόντες
1358 541 1425 584 λέ-

163 642 316 682 γομεν·
348 625 399 668 τοὶ
431 625 476 669 δὲ
507 622 621 675 ἄνω,
651 623 810 679 μέζονα
834 620 1130 676 ἀνθρωπηίων
1153 621 1312 677 ἔργων,
1346 618 1483 663 avj—35

135 713 155 746 7
168 706 235 748 τοὶ
266 704 459 760 ὁρέομεν.

520 704 569 748 αἴ
603 719 646 746 τε
684 701 767 758 γὰρ
812 702 953 753 ἔξοδοι
996 699 1067 745 διὰ
1103 703 1192 743 τῶν
1230 699 1426 755 στεγέων,

161 785 235 827 καὶ
266 786 309 827 οἱ
339 783 505 840 ἑλιγμοὶ
536 781 607 827 διὰ
638 785 725 826 τῶν
751 779 919 825 αὐλέων
941 780 1084 832 ἐόντες
1103 777 1424 831 ποικιλώτατοι,

105 1014 220 1064 gyptii
247 1018 282 1052 et
300 1014 534 1053 convenerint
559 1017 596 1051 et
623 1013 760 1052 delibe-

104 1071 284 1118 raverint,
316 1084 542 1108 communem
560 1070 655 1108 illum
679 1071 760 1120 qui-

105 1128 188 1164 dem
220 1128 385 1165 omnibus
415 1128 554 1173 nomis,
593 1129 656 1175 qui
686 1127 761 1163 sin-

105 1183 181 1231 guli
213 1196 298 1220 suos
338 1184 393 1221 hic
428 1183 631 1220 invenerint
668 1184 758 1221 deos

106 1240 314 1288 bestiasque
343 1253 484 1286 sacras3
533 1244 575 1276 ut
603 1239 761 1288 labyrin-

103 1296 186 1332 thus
213 1297 317 1344 quasi
342 1296 529 1345 pantheon
553 1296 661 1333 fuerit
685 1295 759 1333 Ae-

104 1352 282 1401 gyptium.
321 1352 505 1401 Equidem
522 1352 633 1389 nolim
652 1352 760 1401 quid-

104 1421 213 1457 quam
233 1409 439 1456 decernere,
462 1421 682 1457 quamquam
699 1421 758 1445 sa-

104 1464 172 1502 cris
190 1466 311 1514 potius
330 1466 437 1502 rebus
461 1466 571 1513 (quas
584 1479 663 1501 cum
679 1465 758 1515 ipsa

104 1522 329 1558 astronomia
356 1522 457 1571 apud
477 1521 681 1571 Aegyptios
700 1534 759 1558 ar-

103 1583 162 1615 cte
193 1579 401 1614 coniunctas
421 1578 532 1615 fuisse
560 1591 666 1615 nemo
694 1590 759 1615 ne—

106 1634 192 1682 scit)
212 1646 320 1683 quam
346 1634 499 1684 publicis
529 1638 566 1671 et
597 1634 757 1671 civilibus

104 1691 261 1738 negotiis
280 1691 501 1740 peragendis
522 1694 627 1727 tanta
656 1690 759 1738 laby-

103 1747 212 1783 rinthi
234 1746 347 1785 moles
369 1751 550 1784 exstructa
576 1747 687 1784 fuisse
707 1747 762 1784 vi-

105 1803 222 1840 detur.

115 1861 120 1869 ’
161 1861 242 1898 τῶν
269 1873 309 1898 τε
339 1853 578 1910 ἆρχῆν-
608 1858 761 1898 οἰκοδο-

105 1914 361 1966 μησαμένων]
377 1911 503 1966 α’ρχην
516 1917 760 1965 interpretan-

104 1975 163 2008 tur
193 1975 355 2023 penz'tus,
404 1985 471 2009 von
503 1972 628 2010 Grund
665 1972 758 2022 auf‚·

105 2029 198 2065 conf.
222 2029 261 2076 I,
282 2031 319 2070 9.
364 2029 440 2067 Sed
466 2030 584 2079 possis
612 2042 759 2078 quoque

105 2084 259 2123 reddere
280 2085 382 2132 olim,
411 2089 450 2122 ut
468 2085 497 2133 I,
516 2088 583 2132 86,
606 2086 668 2121 ubi
686 2086 758 2122 vid.

117 2161 125 2171 ·
162 2140 229 2179 καὶ
251 2143 328 2180 τῶν
352 2141 448 2193 ἱρῶν
476 2141 758 2192 κροκοδείλων]

105 2196 213 2234 conf.
242 2198 298 2245 ΙΙ,
318 2201 370 2239 69
402 2199 526 2246 ibique
552 2202 644 2235 nott.
702 2198 761 2235 Ad

105 2249 211 2308 οἷκοῇ
231 2255 325 2292 conf.
346 2254 397 2301 ΙΙ,
421 2256 513 2295 123.

163 2310 208 2349 αἵ
235 2325 274 2349 τε
304 2307 379 2363 γάρ
419 2309 546 2358 ἔξοδοι
580 2307 646 2349 &a
678 2312 758 2350 τῶν

108 2365 284 2417 στεγέων,
307 2366 374 2406 καὶ
397 2367 437 2406 οἷ
455 2366 606 2419 ἑλιγμοὶ
619 2382 653 2406 κ.
666 2383 697 2405 τ.
709 2366 757 2418 λ.]

105 2422 237 2460 Scribit
249 2424 507 2473 Wyttenbach.
527 2424 662 2461 selectt.
673 2424 758 2461 hist.

106 2491 143 2528 p.
170 2479 271 2520 356:
315 2480 478 2528 „Partes
522 2475 646 2532 αὐλῆς
675 2485 760 2517 sunt

106 2531 301 2582 παστάδες
341 2541 378 2574 et
415 2535 587 2588 ἕλιγμοίι
634 2542 757 2587 partes

109 2589 242 2642 στέγης
275 2597 357 2629 sunt
385 2590 583 2643 οἰκήματα
612 2598 649 2631 et
679 2592 757 2632 διέ-

107 2645 226 2692 ξοδοι.
285 2648 398 2685 Aulae
417 2654 520 2687 erant
549 2650 757 2696 duodecim,

109 2703 332 2753 totidemque
360 2709 454 2743 tecta
482 2705 648 2756 aedificia
679 2704 758 2745 στέ-

109 2772 192 2808 γαιι
219 2772 262 2796 ex
286 2761 372 2798 aula
397 2775 464 2812 per
491 2759 674 2814 ἓλιγμοῦς
696 2776 758 2800 vo-

111 2813 243 2851 lumina
269 2818 405 2853 viarum
422 2846 434 2865 ‚
477 2832 543 2868 per
569 2819 759 2869 anfractus

112 2874 148 2906 et
170 2882 295 2908 curvas
323 2875 402 2910 vias
430 2873 618 2923 [passages
646 2879 760 2912 tortu-

114 2937 179 2961 eux
203 2929 307 2964 vertit
327 2928 499 2967 Larcher.
528 2929 637 2982 Apud
658 2932 760 2969 Stra-

829 1014 962 1052 bonem
987 1015 1136 1050 exstat:
1188 1007 1341 1050 σκολιαὶ
1370 1008 1482 1060 ὁδοί]

829 1070 1069 1108 accedebatur
1092 1068 1140 1105 ad
1159 1063 1383 1114 παστάδας,
1406 1068 1427 1103 i.
1449 1081 1480 1105 e.

828 1130 926 1164 atria
958 1125 1114 1176 στέγης,
1154 1124 1326 1174 deinceps
1356 1125 1392 1160 in
1424 1124 1482 1162 οἰ-

829 1179 986 1234 κήματα
1026 1180 1209 1218 conclavia
1228 1209 1239 1228 ,
1285 1193 1352 1230 per
1389 1193 1484 1229 quae

828 1244 933 1276 erant
961 1240 1042 1274 viae
1067 1241 1209 1283 rectae,
1245 1241 1342 1274 certe
1368 1239 1483 1273 exitus

826 1309 893 1332 non
928 1295 1140 1332 voluminum
1173 1296 1288 1331 instar
1307 1322 1318 1340 ,
1360 1292 1481 1339 διέξο-

829 1353 930 1391 δοι.“
989 1351 1047 1388 De
1069 1350 1163 1387 aulis
1184 1362 1295 1399 supra
1316 1351 1481 1387 diximus.

826 1409 964 1446 Vocem
980 1404 1131 1453 παστάς
1150 1406 1353 1443 Larcherus
1370 1407 1481 1443 inter-

826 1469 1009 1515 pretatur:
1050 1464 1268 1514 ,‚l’espace,
1299 1476 1345 1499 ou
1367 1463 1484 1512 plutot

826 1522 878 1559 les
910 1522 1004 1559 deux
1038 1521 1124 1557 tiers
1153 1521 1200 1557 de
1229 1519 1385 1569 l’espace
1420 1519 1483 1568 qui

828 1582 884 1616 est
900 1582 1001 1615 entre
1023 1577 1075 1614 les
1103 1577 1257 1623 antes‚“
1287 1576 1407 1626 prouti
1432 1578 1483 1613 le-

826 1636 923 1683 gitur
943 1634 1041 1684 apud
1062 1634 1198 1670 Vitruv.
1225 1633 1272 1670 de
1297 1633 1481 1669 architect.

830 1691 903 1738 Vl,
927 1693 999 1737 10,
1037 1691 1084 1727 de
1109 1703 1182 1739 quo
1209 1689 1289 1726 loco
1316 1690 1482 1726 conferas

830 1747 1041 1784 Schneider.
1070 1746 1107 1782 in
1139 1747 1301 1796 epimetr.
1336 1746 1384 1782 ad
1408 1746 1483 1781 Xe-

829 1803 939 1853 noph.
960 1803 1182 1839 memorabb.
1204 1816 1240 1852 p.
1261 1802 1342 1842 285
1367 1814 1483 1849 seqq,

830 1861 892 1908 qui
911 1860 1090 1908 porticum
1121 1863 1206 1896 ante
1238 1858 1348 1895 aedes
1376 1858 1483 1895 intel-

827 1916 943 1965 ligere
964 1916 1118 1952 videtur.
1177 1913 1287 1964 Apud
1313 1914 1484 1952 Herodo-

829 1978 904 2009 tum
932 1972 986 2019 11,
1013 1974 1091 2012 169
1112 1971 1172 2008 fin.
1200 1974 1306 2017 sunt,
1345 1972 1405 2019 qui
1436 1971 1483 2007 de

827 2028 988 2065 conclavi
1010 2041 1037 2064 s.
1056 2027 1210 2064 thalamo
1229 2027 1418 2075 (chambre,
1442 2032 1483 2063 ut

827 2085 989 2122 reddidit
1014 2084 1250 2131 Larcherus)
1292 2084 1481 2133 accipiant.

829 2142 936 2178 Conf.
968 2145 1151 2178 caeterum
1171 2141 1293 2177 Sturz.
1331 2141 1377 2176 de
1402 2140 1482 2176 dia-

827 2197 911 2235 lect.
950 2196 1146 2235 Alexandr.
1171 2210 1258 2247 pag.
1289 2198 1367 2237 108
1404 2209 1480 2245 seq.

828 2254 1025 2291 Praeterea
1069 2253 1133 2291 Cr.
1182 2253 1336 2290 conferri
1388 2252 1480 2289 vult:

826 2310 1039 2359 „Bottigen
1059 2309 1276 2359 Archaolog.
1297 2310 1331 2346 d.
1353 2309 1480 2346 Maler.

827 2367 843 2404 l
863 2380 899 2416 p.
917 2370 997 2408 102
1018 2371 1055 2404 et
1083 2367 1247 2404 eiusdem
1274 2366 1480 2414 archaolog.

825 2423 994 2460 Museum
1024 2423 1039 2459 Ι
1060 2436 1145 2473 pag.
1174 2426 1254 2464 102
1278 2426 1390 2471 atque
1416 2422 1481 2459 Isis

826 2493 968 2530 vesper.
990 2493 1027 2530 p.
1052 2482 1143 2521 119.
1174 2480 1308 2528 Heyne
1326 2480 1361 2514 in
1383 2492 1482 2515 com-

826 2542 952 2574 mentt.
980 2537 1106 2573 societ.
1146 2536 1318 2583 Gotting.
1353 2539 1378 2571 t.
1412 2534 1481 2571 XV

824 2606 911 2643 pag.
930 2594 1050 2634 279.“
1088 2614 1144 2619 —-
1187 2591 1378 2629 Letronne
1407 2591 1428 2627 l.
1458 2590 1479 2627 l.

826 2663 914 2700 pag.
937 2651 1017 2690 138
1040 2647 1179 2700 στέγην
1200 2652 1311 2697 atque
1334 2647 1481 2697 οἴκημα

828 2708 928 2752 (une
952 2706 1130 2752 chambre,
1168 2718 1240 2742 une
1258 2706 1355 2754 pibce
1382 2704 1481 2740 haud

828 2763 976 2799 differre
998 2764 1062 2809 ait,
1082 2775 1150 2799 nec
1170 2757 1372 2806 παστάδας
1390 2760 1479 2796 alias

828 2831 910 2855 esse
930 2823 1041 2867 atque
1064 2813 1242 2870 κρυπτοῖς
1260 2818 1358 2867 apud
1379 2818 1480 2852 Stra—

827 2875 971 2912 bonem.
1030 2875 1123 2912 Cum
1155 2887 1242 2911 vero
1278 2878 1314 2910 et
1350 2871 1480 2922 στέγαι

829 2935 868 2969 et
888 2925 1084 2978 παστάδες
1103 2934 1204 2968 extra
1224 2929 1323 2967 aulas
1334 2928 1477 2974 suerint,
