1768 3315
308 260 392 299 22⁰

702 252 1170 293 HERODOTI

308 367 386 413 τὸν
405 368 558 417 Κῦρον
573 360 826 406 ἀκούσαντα
838 395 850 415 ,
880 366 1078 407 κελεῦσαι
1097 362 1202 415 τούς
1222 361 1433 420 ἑρμηνέας
1451 363 1566 408 ἐπεί-

308 451 462 502 ρεσθαι
489 441 566 484 τὸν
594 443 815 494 Κροῖσον,
843 445 938 486 τίνα
963 446 1122 487 τοῦτον
1151 442 1446 486 ἐπικαλέοιτο·
1492 443 1622 487 καὶ80

279 524 413 574 5τούς
455 519 781 574 προσελθόντας
820 520 1070 578 ἐπειρωτᾶν.

1137 525 1334 577 Κροῖσον
1375 522 1422 566 δὲ
1463 522 1568 572 τέως

306 604 384 661 μὲν
414 601 539 658 σιγὴν
569 603 677 657 ἔχειν
706 600 1027 657 ἓρωτεώμενον·
1058 601 1163 656 μετὰ
1193 602 1263 654 δὲ,
1295 599 1351 652 ὡς
1380 599 1567 658 ἠναγκά-

307 687 399 736 ζετο
410 715 421 729 ,
463 683 596 724 εἰπεῖν
612 697 620 706 ·

680 713 706 732 ,,
724 680 811 723 Τὸν
841 678 896 723 ἂν
925 679 1007 736 ἐγώ
1037 684 1144 723 πᾶσι
1173 678 1429 735 τυράννοισι
1457 695 1567 733 προ-

306 761 518 817 „stimma
571 759 771 816 μεγάλων
808 757 1040 815 χρημάτων
1080 758 1123 810 ἐς
1175 758 1334 814 λόγους
1383 759 1566 802 ἐλθεῖν.“

302 839 378 892 Ὡς
408 838 454 883 δὲ
484 850 563 896 σφι
592 837 736 895 ἄσημα
765 838 941 894 ἔφραζε,
972 837 1104 881 πάλιν
1140 837 1396 892 ἐπειρώτεον
1419 836 1473 880 τά
1505 841 1565 881 λε-

279 918 485 976 6γόμενα.
544 916 840 972 λιπαρεόντων
871 917 916 961 δὲ
954 916 1120 966 αὐτῶν,
1167 919 1242 960 καὶ
1280 915 1412 971 ὄχλον
1437 924 1622 971 παρε-85

305 997 497 1056 χόντων,
546 998 660 1054 ἔλεγε
690 997 767 1054 δὴ,
808 996 868 1047 ὥς
897 991 1001 1054 ἦλθε
1032 995 1166 1053 ἀρχὴν
1196 993 1219 1040 ὁ
1252 994 1433 1049 Σόλων,
1481 995 1565 1040 ἐών

251 1219 379 1267 video,
409 1232 471 1256 cur
489 1231 511 1255 a
528 1218 665 1268 vulgari
681 1217 785 1255 huius
804 1218 903 1255 verbi

251 1276 549 1326 interpretatione
561 1305 572 1322 ‚
601 1275 648 1312 ad
667 1287 775 1323 quam
787 1275 905 1324 ipsam

252 1332 310 1370 vel
338 1332 464 1382 glossa
483 1331 667 1381 adscripta
697 1331 757 1378 (si
774 1334 903 1369 λειπο-

253 1390 387 1436 ταξίας
404 1387 593 1425 lectionem
626 1387 792 1424 nimirum
819 1387 904 1424 inde

253 1447 354 1483 dicas
376 1445 512 1492 ortam)
542 1457 610 1480 nos
638 1444 770 1481 ducere
798 1448 903 1493 pote-

253 1506 331 1550 rat,
369 1500 556 1547 recedam,
586 1513 653 1537 nec
674 1500 903 1537 Herodotum

253 1559 398 1596 credam
418 1557 486 1594 hoc
517 1556 628 1594 verbo
660 1556 702 1593 ea
723 1556 904 1604 significa-

254 1616 353 1652 tione
372 1625 498 1659 usum‚
537 1613 609 1661 quai
631 1618 716 1661 post
740 1614 785 1649 ab
809 1613 905 1661 opti-

253 1671 322 1709 mis
350 1669 553 1719 quibusque
574 1669 806 1717 scriptoribus
837 1668 903 1704 ad-

253 1727 404 1764 hibitum
430 1725 604 1762 videmus.
662 1724 791 1774 Itaque
816 1723 906 1761 haec

253 1783 359 1821 nobis
373 1782 441 1820 erit
457 1781 525 1818 loci
546 1781 746 1819 sententia:
777 1780 906 1829 „Croe-

253 1853 329 1877 sum
349 1843 456 1875 mente
473 1840 611 1888 recepta
632 1841 663 1874 et
684 1838 774 1874 edito
793 1839 904 1886 gemi-

254 1899 294 1933 tu
309 1894 548 1946 postmultum
565 1894 741 1931 silentium
763 1894 812 1941 (s.
825 1894 904 1942 qui-

255 1953 370 2000 etem)
404 1954 456 1988 ter
485 1953 676 1987 nominasse
706 1950 904 1988 Solone111.“

254 2008 473 2057 Scripsimus
503 2020 588 2044 vero
622 2020 702 2045 cum
733 2006 901 2054 Schwgh.

255 2069 292 2104 et
322 2064 440 2101 Gaisf.
472 2059 636 2102 Σόλωνα
672 2076 740 2115 pro
768 2062 904 2111 vulgat.

254 2115 476 2159 Σόλων.-·
504 2119 547 2155 In
566 2132 669 2168 seqq.
693 2133 759 2169 pro
778 2118 868 2158 τέω
886 2134 904 2165 ς

255 2176 332 2214 bini
360 2176 441 2213 libri
475 2176 644 2213 exhibent
677 2176 768 2224 ἕως,
805 2176 905 2225 quod

254 2232 356 2283 apud
375 2236 504 2282 poetas
522 2245 590 2281 pro
616 2232 711 2279 τέως
741 2233 830 2287 poni
859 2244 903 2269 ex

255 2288 435 2326 Eustathii
479 2289 742 2327 commentariis
779 2292 905 2326 monet

255 2344 424 2393 Schwgh.
442 2345 646 2394 probatque
676 2346 791 2396 ipsius
825 2345 904 2382 He-

255 2400 376 2438 rodoti
410 2400 490 2438 loco
519 2401 625 2448 VIII,
661 2402 716 2443 74
748 2401 826 2438 coll.
856 2401 902 2448 II,

258 2458 352 2498 169.
410 2457 487 2494 Sed
515 2455 610 2502 τέως
638 2459 733 2495 idem
764 2462 902 2504 monet,

256 2512 407 2550 inveniri
427 2511 465 2560 I,
486 2515 550 2554 82.
572 2512 637 2554 94.
667 2514 778 2551 Unde
795 2514 905 2551 libro-

256 2581 336 2606 rum
356 2569 589 2619 complurium
615 2569 720 2607 lectio
740 2583 814 2607 non
832 2569 906 2606 sol-

256 2624 438 2662 licitanda.
475 2645 533 2654 ·--
563 2624 623 2662 Ad
655 2631 906 2675 argumentum

258 2682 384 2719 confer
410 2681 460 2717 sis
489 2682 733 2719 narrationem
766 2681 906 2719 Aeliani

257 2736 345 2775 Var.
362 2737 460 2775 Hist.
478 2738 531 2774 IX
543 2767 553 2785 ‚
573 2739 622 2778 41
637 2767 648 2785 ‚
677 2739 736 2775 ubi
754 2739 801 2775 ad
810 2737 906 2775 Pau-

260 2794 399 2830 saniam
420 2794 585 2831 traducta
604 2798 708 2841 sunt,
737 2807 831 2843 quae
850 2795 906 2832 hic

261 2850 308 2887 de
337 2850 478 2887 Croeso
506 2862 549 2887 ac
575 2849 712 2887 Solone
739 2850 903 2898 legimus.

262 2907 323 2943 Sic
340 2910 437 2945 certe
456 2906 635 2944 existimat
652 2906 904 2954 wyttenbaeh.

974 1218 1022 1255 ad
1041 1217 1136 1255 Plut.
1164 1216 1294 1256 Moral.
1318 1218 1354 1267 Ι,
1375 1222 1402 1261 2
1422 1230 1506 1268 pag.
1526 1216 1621 1260 715.

972 1274 1106 1323 Neque
1124 1275 1192 1312 hoc
1207 1275 1407 1325 praeterire
1424 1275 1546 1321 iuvat,
1575 1274 1624 1311 ad

971 1331 1083 1368 hocce
1099 1331 1228 1368 Croesi
1239 1332 1352 1368 fatum
1368 1331 1521 1368 traxisse
1531 1343 1625 1367 non-

973 1386 1088 1423 nullos
1116 1384 1163 1425 τοὶ
1198 1382 1360 1436 Ἐφέσια
1399 1382 1622 1439 γράμματα,

971 1447 1141 1480 monente
1177 1443 1343 1481 Eustath.
1391 1445 1439 1480 ad
1486 1444 1623 1491 OdysS.

971 1499 1083 1546 XIX,
1115 1499 1196 1540 247
1227 1513 1311 1550 pag.
1335 1499 1440 1548 694,
1469 1500 1522 1540 36
1562 1499 1622 1536 ed.

969 1555 1096 1603 Basil„
1126 1556 1224 1593 cuius
1245 1555 1364 1594 locum
1395 1556 1425 1593 C
1433 1568 1460 1592 r.
1485 1555 1624 1593 adscri-

970 1612 1055 1662 psit.

1026 1664 1094 1706 τὸν
1113 1663 1162 1706 άν
1184 1664 1287 1720 gyros
1277 1670 1374 1706 πᾶσι
1393 1663 1624 1719 τυράννοισι

972 1724 1214 1775 προετίμησα
1254 1721 1434 1778 μεγάλων
1476 1721 1624 1775 χρημά-

971 1795 1097 1819 τωνκ.
1111 1796 1143 1819 τ.
1159 1779 1208 1831 λ.]
1239 1781 1262 1818 i.
1287 1795 1318 1819 e·
1339 1794 1486 1845 3‚quem
1508 1780 1624 1817 omni-

973 1838 1040 1874 bus
1062 1850 1142 1875 cum
1170 1837 1347 1885 regibus
1338 1851 1375 1874 m
1405 1837 1623 1886 colloquium

971 1894 1115 1942 venire,
1145 1894 1319 1944 equidem
1360 1893 1482 1931 multis
1521 1897 1623 1931 ante-

972 1950 1134 1988 tulissem
1154 1950 1316 2001 pecuniis
1337 1963 1386 1988 s.:
1414 1950 1446 1986 is
1467 1953 1546 1997 est,
1562 1950 1625 1999 qui

971 2013 1010 2043 ut
1021 2020 1101 2044 cum
1120 2020 1215 2044 omn.
1232 2020 1309 2055 reg.
1330 2007 1366 2042 in
1381 2006 1459 2043 coll.
1471 2006 1623 2052 veniret,

971 2064 1141 2113 equidem
1182 2076 1336 2111 magnae
1387 2063 1622 2113 pecuniarum

971 2119 1098 2170 copiae
1133 2119 1425 2170 praetulissem.“
1478 2118 1624 2156 Pendet

972 2177 1150 2225 genitivus
1191 2172 1370 2228 μεγάλων
1410 2170 1622 2227 χρημάτων

971 2232 1028 2270 vel
1045 2245 1067 2269 a
1087 2233 1362 2284 praepositione
1373 2246 1450 2283 προ
1462 2232 1500 2268 in
1509 2231 1622 2269 verbo

971 2291 1192 2342 προτιμᾷν,
1227 2289 1286 2326 vel
1317 2288 1485 2339 explicari
1512 2288 1623 2325 debet

971 2346 1168 2382 secundum
1212 2358 1276 2392 ea,
1322 2357 1417 2394 quae
1452 2344 1623 2393 leguntur

971 2401 1070 2452 apud
1092 2400 1221 2438 Matth.
1239 2399 1276 2451 ὃ.
1297 2402 1380 2442 364
1399 2413 1485 2451 pag.
1496 2402 1590 2442 678.

1026 2453 1142 2506 ’όχλον
1175 2453 1444 2506 παρεχόντων]
1475 2456 1624 2494 Laudat

972 2512 1136 2550 Thomas
1183 2512 1284 2561 Mag.
1333 2525 1371 2562 p.
1412 2514 1512 2559 668,
1559 2511 1622 2549 ubi

972 2566 1082 2621 ὄχλος
1104 2568 1190 2605 siti
1213 2565 1437 2618 (1.ὀ’χλησις.

1030 2640 1084 2671 ως
1104 2626 1206 2674 ηλθε
1233 2620 1358 2680 άρχην
1379 2623 1403 2663 ὁ
1422 2621 1563 2664 Σόλων
1583 2638 1620 2664 κ.

973 2696 1006 2721 τ
1033 2683 1085 2727 λ.]
1118 2676 1245 2732 οἷρχην
1266 2694 1333 2730 pro
1350 2682 1523 2720 adverbio
1551 2694 1622 2731 po-

971 2739 1077 2775 situm
1087 2738 1267 2786 significat
1284 2738 1377 2784 olam,
1395 2741 1624 2776 monstrante

971 2793 1228 2842 WesselingiO.
1295 2794 1404 2831 Conf.
1454 2793 1508 2841 II,
1553 2796 1623 2835 27.

971 2849 1072 2888 Alias
1093 2854 1149 2887 est
1167 2852 1320 2898 omnino,
1345 2863 1511 2900 prorsus,
1540 2850 1620 2896 ut'l,

971 2910 998 2949 9
1025 2909 1061 2945 et
1088 2906 1168 2944 aliis
1196 2905 1283 2944 locis
1313 2907 1413 2958 apud
1444 2907 1550 2944 Reiz.
1571 2908 1620 2944 ad
