1759 3324
37 414 136 461 194

635 293 933 333 cL10.1.

154 487 313 544 ταύτῃ,
343 484 446 542 μετά
474 499 521 538 γε
552 481 689 538 αὐτὴν
718 481 800 540 τὴν
821 482 973 532 πόλιν,
1007 483 1187 540 ἔρχομαι
1216 483 1414 540 φράσων.
1470 494 1521 512 ¹¹¹³

128 567 212 610 22⁷0}
247 569 379 609 πλοῖα
419 561 590 607 αὐτοῖσί
628 561 719 606 ἐστι
755 561 810 607 τά
848 561 959 607 κατὰ
997 561 1076 607 τὸν
1113 563 1312 620 ποταμὸν
1339 580 1415 608 πο-

99 754 154 805 τῷ
180 751 322 802 καρπῷ
354 747 396 788 οἷ
421 746 597 799 ἔρσενες]
638 746 751 799 Apud

100 807 347 845 Gaissordium
367 806 534 842 invenio:
567 803 618 843 αἱ
647 804 752 856 ἔρσε-

98 878 164 910 νες
173 879 186 912 3
215 863 316 912 quod
343 863 443 899 unde
461 862 657 908 adscitum,
687 875 753 900 ne-

97 921 181 958 scio.
242 919 389 956 Retinui
421 919 534 967 igitur
566 918 754 967 vulgatum

99 976 147 1016 οἷ
179 974 341 1027 ἔρσενες.
407 977 536 1026 ψῆνες
570 988 752 1024 quaenam

96 1033 229 1071 suerint
259 1031 451 1079 animalia,
490 1045 565 1069 non
605 1045 753 1069 accura-

97 1091 168 1127 tius
192 1088 330 1127 Noster
358 1089 573 1138 designavit.
628 1088 751 1126 Fuere

98 1159 143 1184 ex
170 1146 347 1195 antiquis,
386 1145 447 1194 qui
470 1158 545 1182 non
576 1157 644 1196 pro
673 1145 753 1182 ani-

97 1201 182 1240 mali
213 1203 279 1239 sed
300 1215 367 1252 pro
396 1203 476 1252 ipso
511 1201 752 1239 mascularum

97 1259 295 1310 palmarum
322 1259 442 1295 fructu
470 1258 669 1306 haberent,
698 1258 751 1295 uti

97 1314 245 1362 Pollux,
284 1314 486 1363 Hesychius
523 1319 633 1364 atque
669 1315 750 1364 ipse

98 1371 134 1410 T
137 1370 394 1421 heophylactus
423 1371 569 1422 (Epist.
598 1371 746 1420 XVIII)

99 1429 146 1464 ab
183 1427 261 1464 aliis
300 1428 430 1464 erroris
484 1428 659 1475 incusati,
700 1428 746 1465 ab

97 1483 345 1532 WVesselingio
383 1483 557 1522 hactenus
593 1485 748 1532 defensi,

96 1541 197 1590 quod
223 1554 262 1578 se
281 1540 397 1578 vereri
423 1541 562 1588 scribit,
592 1546 633 1578 ut
653 1541 748 1578 iusta

97 1598 144 1634 sit
160 1597 302 1634 illorum
320 1597 479 1634 virorum
496 1598 534 1634 in
554 1598 748 1634 Gramma-

96 1654 185 1690 ticos
207 1658 348 1690 veteres
380 1654 486 1690 actio.
542 1652 596 1690 Ac
628 1654 749 1704 potuit

97 1722 137 1747 re
170 1721 257 1746 vera
290 1713 451 1759 tempus,
490 1710 545 1746 uti
571 1710 632 1757 fit,
668 1723 749 1746 mu·-

98 1770 196 1803 tasse
209 1766 306 1802 vocis
330 1766 641 1813 significationem.
663 1766 749 1802 Ste-

97 1821 180 1859 riles
206 1822 301 1858 enim
320 1822 485 1872 palmae,
509 1826 660 1859 notante
679 1821 749 1859 Ni-

97 1877 181 1915 clas.
208 1878 257 1914 ad
277 1878 479 1928 Geoponic.
499 1878 548 1925 X,
561 1879 584 1919 5
604 1892 640 1928 p.
653 1878 749 1925 651,

97 1947 171 1971 non
185 1934 294 1971 alium
323 1935 478 1971 fructum
504 1936 650 1981 ferunt,
680 1935 748 1971 nisi

96 1992 229 2037 flores3
268 1992 377 2027 flores
406 1995 527 2028 autem
558 2004 682 2028 semen
713 1994 750 2028 et

98 2046 226 2084 culices
244 2047 440 2084 continent.
476 2046 624 2085 Laudat
640 2060 749 2097 prae-

96 2107 198 2140 terea
231 2103 286 2140 vir
322 2103 450 2140 doctus
484 2103 670 2141 Aristotel.
700 2104 748 2142 de

97 2159 215 2196 Plant.
242 2159 280 2207 I,
306 2162 343 2200 6.
393 2160 575 2198 Graecum
600 2159 745 2207 animal,

99 2217 198 2265 quod
216 2216 252 2252 in
270 2216 345 2253 ficis
361 2217 446 2254 feris
464 2216 643 2254 invenitur
654 2245 666 2264 ,
681 2217 747 2254 de-

99 2273 258 2309 scribunt
286 2271 499 2310 Aristoteles
534 2273 629 2309 Hist.
657 2273 747 2309 Ani-

100 2328 182 2366 mal.
199 2329 245 2376 V,
258 2330 313 2371 32
334 2334 371 2367 et
386 2328 631 2379 Theophrast.
649 2329 747 2367 Hist.

101 2382 217 2421 Plant.
236 2385 287 2432 Π,
307 2389 346 2432 8,
370 2388 405 2426 1.
425 2388 452 2427 2
483 2386 540 2422 ed.
561 2386 747 2434 Schneid.,

104 2451 148 2476 ex
170 2452 242 2489 quo
264 2442 345 2491 ipso
375 2455 442 2479 sua
473 2442 650 2479 desumsit
674 2442 748 2479 Pli-

104 2495 184 2532 nius
199 2496 236 2533 in
259 2497 354 2535 Hist.
370 2498 457 2535 Nat.
475 2498 581 2536 XVII
604 2511 661 2549 cp.
682 2501 748 2540 27.

106 2550 246 2594 Quibus
288 2553 490 2592 Larcherus
532 2567 577 2592 ea
613 2554 748 2602 adiicit,

104 2619 199 2656 quae
225 2607 291 2645 hac
311 2611 358 2647 de
393 2623 432 2648 re
462 2611 584 2648 scribit
612 2611 750 2648 Ponte-

105 2664 196 2699 dera
215 2662 236 2700 l.
256 2663 278 2700 l.
302 2665 352 2713 II,
382 2668 435 2707 34
455 2680 541 2718 pag.
567 2669 648 2708 174
668 2679 746 2716 seq.

105 2719 195 2766 Sed,
216 2726 383 2759 monente
402 2725 532 2762 eodem
548 2723 748 2771 Larchero,

106 2775 231 2823 quaeri
252 2788 445 2826 sanequam
463 2780 610 2829 poterit,
627 2783 749 2817 utrum

107 2831 207 2879 quod
225 2844 290 2881 per
315 2833 503 2872 Graeciam
529 2835 567 2872 in
593 2835 670 2872 ficis
694 2835 750 2871 in-

107 2886 270 2923 veniatur
297 2889 426 2926 animal
448 2891 620 2940 quodque
639 2891 750 2940 vulgo

109 2941 309 2992 appellatur
333 2941 419 2996 ψήν
431 2975 442 2994 ,
478 2947 575 2985 idem
604 2959 751 2997 quoque

1333 297 1419 338 435

276 406 332 452 To*
363 405 408 450 δὲ
437 403 639 448 ἁπάντων
665 406 828 459 θῶυμα
855 402 1060 459 μέγιστόν
1098 406 1175 460 μοι’
1201 405 1290 449 ἔστι
1326 409 1600 458 τῶυ35γηνῑιιηι
1640 430 1744 452 onom-

1470 460 1582 492 finarum
1601 463 1634 482 ex
1645 460 1745 487 Arme-

1564 490 1745 521 venientium

1473 523 1625 551 structura
1650 529 1681 553 ct
1696 535 1743 554 or-

819 748 865 786 sit
887 748 1188 796 existimandum,
1220 749 1320 798 quod
1345 751 1473 788 eodem

818 806 965 842 nomine
995 806 1032 843 in
1059 804 1186 855 palmis
1208 819 1276 856 per
1297 807 1473 844 orientem

820 866 996 899 occurrat.
1037 861 1106 898 Cui
1130 862 1182 899 rei
1201 862 1396 901 solvendae
1414 877 1474 901 me

821 918 968 968 quidem
988 918 1085 955 haud
1105 931 1231 968 parem
1248 932 1329 956 esse
1347 919 1474 957 lubens

820 975 1007 1013 confiteor.
1049 974 1091 1011 ln
1106 975 1319 1013 Schneideri
1337 975 1473 1013 Lexico

819 1028 910 1082 ψήν
928 1031 1091 1069 redditur
1111 1030 1242 1081 Cynz'ps
1262 1031 1326 1079 L.‚
1343 1045 1476 1070 verna-

819 1088 917 1126 cule:
949 1088 1154 1137 Gallwespe.
1211 1088 1371 1125 Heeren.
1397 1088 1419 1126 l.
1447 1089 1472 1127 l.

817 1157 903 1195 pag.
932 1144 1010 1186 146
1041 1149 1117 1181 not.
1147 1144 1186 1180 id
1212 1144 1323 1181 modo
1349 1146 1472 1182 addit:

817 1201 895 1249 „Es
912 1201 1044 1251 gehort
1063 1213 1109 1237 zu
1127 1201 1209 1237 dem
1231 1200 1360 1251 Cynips
1382 1200 1471 1238 Pse-

816 1259 918 1294 nes.“
973 1256 1071 1294 Nam
1100 1256 1239 1294 Plinius
1266 1258 1383 1295 minus
1411 1270 1473 1295 ac-

817 1318 941 1352 curate
960 1314 1045 1351 dicit
1067 1313 1234 1362 culicem,
1262 1313 1360 1351 Hist.
1381 1313 1470 1352 Nat.

817 1370 901 1419 xv,
925 1373 990 1412 19.

984 1454 1016 1491 c
1034 1467 1055 1491 a
1066 1468 1104 1505 p.
1135 1453 1303 1493 CXCIV.

872 1537 1032 1590 ἔρχομαι
1062 1534 1256 1590 φράσων]
1286 1538 1345 1578 De
1372 1538 1472 1578 locu·

815 1596 918 1633 tione
946 1595 1080 1633 consul.
1109 1595 1287 1634 Matthiae
1315 1597 1382 1634 Gr.
1403 1597 1470 1634 Gr.

814 1665 901 1703 pag.
925 1654 1046 1693 1106.
1072 1673 1120 1679 -
1153 1652 1268 1689 Paulo
1296 1658 1380 1690 ante
1407 1666 1469 1689 or-

816 1709 939 1746 dinem
977 1709 1170 1746 verborum
1203 1722 1284 1745 cum
1318 1713 1469 1746 recentt.

816 1765 920 1802 editt.
977 1765 1214 1812 mutavimus,
1273 1765 1470 1803 scribentes

817 1815 913 1871 μετά
929 1834 972 1872 γε
992 1815 1119 1872 αὐτήν
1138 1817 1214 1872 τὴν
1232 1816 1361 1870 πόλιν,
1371 1822 1471 1871 quod

814 1878 895 1914 libri
921 1878 1098 1915 ferebant.
1124 1899 1181 1904 —
1208 1877 1252 1914 In
1273 1891 1377 1927 seqq.
1400 1891 1470 1914 no-

814 1934 929 1970 tanda
949 1934 1123 1970 orationis
1155 1935 1335 1983 quaedam
1354 1934 1470 1971 abun-

816 1990 966 2036 dantia,
1006 1990 1053 2028 de
1079 1990 1151 2039 qua
1187 1990 1227 2027 in
1259 1991 1469 2029 universum

815 2047 954 2083 monuit
969 2045 1099 2083 Matth.
1128 2046 1150 2083 l.
1173 2045 1195 2083 l.
1224 2059 1311 2097 pag.
1335 2046 1467 2088 1104:

813 2099 863 2142 τὰ
912 2105 1034 2142 πλοῖα
1080 2098 1237 2141 αὐτοῖσί
1271 2102 1378 2143 ἐστι
1412 2123 1461 2132 --

813 2154 966 2199 ἐόντα
1003 2158 1247 2211 κυκλοτερέα.

869 2212 918 2254 to?
938 2218 1058 2255 πλοῖα
1089 2212 1247 2255 αὐτοῖσί
1272 2214 1353 2256 ἔστι
1374 2231 1410 2256 κ.
1432 2231 1467 2256 τ.

812 2269 862 2323 λ.]
890 2272 997 2316 Quae
1021 2273 1232 2310 Herodotus
1257 2273 1328 2311 hoc
1347 2273 1468 2324 capite

814 2329 862 2366 de
885 2329 1038 2378 navigiis
1064 2329 1162 2367 hisee
1189 2329 1312 2367 scribit
1342 2343 1385 2367 ac
1419 2330 1468 2368 de

812 2386 1012 2434 navigandi
1033 2386 1196 2433 ratione,
1226 2399 1270 2424 ea
1285 2386 1468 2435 hodieque

814 2442 853 2478 in
878 2455 947 2478 usu
976 2455 1057 2480 esse
1088 2443 1211 2479 omnia
1249 2443 1468 2480 recentiores

817 2499 1113 2549 peregrinatores
1131 2502 1322 2537 testantur.
1360 2498 1471 2536 Nunc

814 2555 1017 2592 istiusmodi
1035 2568 1166 2603 naves,
1196 2555 1327 2604 quibus
1344 2555 1382 2592 in
1401 2554 1437 2592 T
1439 2555 1471 2591 i-

816 2611 873 2660 gri
902 2612 1112 2660 navigando
1146 2615 1315 2659 utuntur,
1351 2611 1471 2648 nomi-

815 2672 948 2704 nantur
986 2668 1095 2706 Kilet.
1164 2668 1250 2705 Vid.
1294 2666 1470 2705 Heerenii

815 2723 929 2762 Ideen
947 2725 985 2772 I,
1011 2728 1038 2766 2
1062 2737 1147 2775 pag.
1169 2723 1250 2765 225
1265 2752 1275 2771 ,
1300 2725 1363 2773 qui
1377 2723 1470 2760 Por-

816 2784 936 2817 terum
953 2782 1039 2818 citat
1054 2781 1091 2817 in
1103 2781 1285 2818 itinerario
1295 2780 1329 2816 Il
1339 2793 1374 2830 p.
1385 2780 1468 2820 259

817 2841 983 2875 accurate
1021 2850 1083 2874 eas
1119 2848 1231 2873 naves
1260 2836 1469 2873 describen-

818 2896 902 2931 tem.
942 2893 1073 2930 Ovium
1091 2892 1205 2942 pelles
1228 2892 1370 2928 inflatas
1387 2903 1471 2928 nar-

818 2952 875 2986 rat
898 2949 1096 2987 substratas
1113 2961 1194 2987 esse
1205 2976 1216 2994 ,
1236 2960 1389 2996 quarum
1406 2959 1471 2983 au-

1157 3005 1253 3043 28‘

1472 559 1570 585 natus·
