1805 3315
368 236 426 278 38
786 235 1256 274 ussuono'rl

373 345 623 400 χρεωμένῳ.
666 341 721 387 οὐ
750 344 1004 398 Κορινθίων
1027 348 1108 388 τοῦ
1136 346 1351 400 δημοσίου
1381 346 1498 390 ἐστὶν
1528 345 1552 389 ὁ
1584 351 1664 403 θη-

352 422 562 477 5σαυρὸς,
609 420 718 465 ἀλλὰ
756 421 967 474 Κυψέλου
1009 427 1088 466 τοῦ
1125 422 1365 475 Ἠετίωνος.

377 500 400 546 ὁ
423 500 594 556 Γύγης,
626 505 800 555 πρῶτος
819 500 1056 559 βαρβάρων
1076 506 1163 546 τῶν
1185 502 1305 559 ἡμεῖς
1325 505 1472 559 ἰ’δμεν,
1494 504 1537 556 ἐς
1558 508 1664 548 Δελ-

331 679 519 729 Participii
539 679 576 716 in
595 679 718 716 dativo
742 693 848 716 usum
867 680 927 721 (ut
943 679 990 727 ll,

333 738 409 784 11,
449 735 526 773 aliis
555 736 670 781 locis)
722 736 815 773 bene
852 736 990 773 notavit

330 791 510 830 Matthiae
547 792 614 831 Gr.
651 793 719 830 Gr.
758 791 794 843 ἓ.
826 794 928 839 388,
963 793 986 829 b

331 861 368 898 p.
391 851 485 889 711.
516 848 577 886 Tu
600 853 721 886 verte:
752 851 811 895 „si
830 851 908 898 quis
928 861 987 884 ve-

335 916 413 941 rum
427 905 539 942 decere
556 904 675 942 vult.“

390 983 440 1027 οὕ
477 988 716 1041 Κορινθίων
754 989 829 1027 τοῦ
864 987 989 1037 δημο-

334 1045 424 1084 σίου
456 1043 561 1084 ἕστὶν
586 1043 609 1085 ὁ
630 1041 857 1096 θησαυρός,
892 1039 987 1082 οἷλλᾶ

332 1099 527 1150 Κυψέλου
554 1103 629 1141 τοῦ
655 1097 884 1150 Ἠετίωνος]
915 1100 988 1136 Pro

333 1158 532 1210 δημοσίου
593 1158 674 1195 libri
722 1158 871 1207 quidam
919 1151 987 1207 δή-

333 1229 432 1266 μου,
460 1215 578 1263 quod,
604 1219 681 1251 uta
703 1214 884 1252 sententia
906 1213 988 1263 ipsa

331 1283 407 1308 non
430 1270 606 1318 alienum,
635 1271 685 1308 ita
714 1275 837 1308 tamen
865 1270 921 1306 hie
944 1282 987 1306 ex

332 1327 512 1364 scribendi
532 1328 748 1378 compendio
768 1332 884 1364 ortum
905 1339 986 1363 esse

331 1383 391 1421 vix
424 1384 584 1422 dubium.
641 1384 737 1421 Hinc
765 1388 862 1421 recte
895 1395 987 1432 quo-

332 1452 405 1489 que
443 1440 556 1477 tuitus
605 1444 662 1478 est
706 1440 891 1477 Schaeser.
940 1438 987 1475 ad

331 1494 523 1534 Lambert.
583 1496 671 1533 Bos.
731 1497 778 1533 de
835 1495 984 1544 Ellipss.

332 1565 370 1603 p.
397 1552 480 1593 462
505 1552 565 1589 ubi
584 1553 656 1589 vid.
678 1575 733 1579 —
764 1553 823 1590 De
844 1551 988 1602 Cypselo

332 1609 407 1645 vid.
436 1609 530 1645 infra
556 1608 601 1656 V>
623 1612 688 1650 92.
709 1631 764 1635 ——
786 1605 989 1658 θησαυροὶ

333 1677 596 1715 saepenumero
637 1665 805 1702 (licuntur
843 1665 989 1701 aedicu-

331 1720 391 1758 lae
422 1734 452 1757 S.
485 1720 597 1758 cellae
618 1721 656 1758 in
687 1720 866 1771 Delphico
896 1725 988 1757 tem-

331 1775 395 1827 plo
417 1789 439 1813 a
465 1777 616 1825 singulis
643 1777 791 1826 regibus
813 1791 842 1813 s.
866 1777 989 1814 civita-

331 1832 428 1869 tibus
458 1834 666 1881 dedicatae,
697 1835 734 1870 in
763 1834 894 1883 quibus
923 1845 990 1869 sua

332 1901 501 1939 quaeque
520 1890 643 1926 civitas
668 1891 838 1938 donaria,
863 1902 990 1926 aurum

333 1945 442 1983 etiam
487 1950 523 1982 et
562 1951 772 1994 argentum,
831 1946 990 1996 Apollini

333 2002 550 2038 sacrandum
580 2003 795 2052 deponeret.
837 2002 990 2039 Minime

334 2057 445 2106 igitur
473 2058 532 2095 hic
557 2060 791 2106 cogitandum
827 2060 874 2096 de
908 2059 988 2096 the-

334 2115 451 2150 sauris
478 2115 694 2164 quibusdam
727 2115 904 2165 Apollinis
926 2128 989 2152 ve-

333 2169 400 2206 luti
434 2170 521 2208 fidei
559 2172 774 2209 commissis,
828 2171 991 2221 Egregie

334 2226 406 2263 hoc
425 2227 616 2264 admonuit
640 2227 816 2265 Valcken.
850 2229 899 2265 ad
911 2228 989 2265 He-

335 2283 417 2320 rod.
437 2282 511 2331 IV,
541 2286 643 2331 162,
672 2285 733 2334 qui
753 2284 851 2321 locus
873 2285 989 2321 omni-

336 2351 385 2375 no
427 2351 508 2375 cum
545 2344 672 2376 nostro
710 2341 987 2390 comparandus.

337 2393 433 2430 Add.
454 2394 710 2443 W'yttenbach.
735 2396 904 2433 Animad.
942 2398 989 2433 ad

336 2448 518 2487 Plutarch.
547 2451 680 2490 Moral.
715 2453 731 2489 I
762 2467 800 2502 p.
837 2456 919 2494 990
954 2458 992 2490 et

337 2504 462 2543 Kruse
481 2506 608 2544 Hellas
635 2507 681 2554 Π,
713 2512 739 2549 2
763 2523 801 2558 p.
824 2509 900 2555 85,
931 2509 993 2558 qui

337 2559 528 2599 thesauros
573 2563 801 2610 istiusmodi,
840 2577 994 2612 quorum

339 2617 474 2654 mentio
521 2617 564 2654 fit
603 2619 704 2669 apud
736 2623 898 2667 veteres,
936 2632 994 2657 re-

340 2677 478 2711 censet.

396 2760 514 2814 οὗτος
537 2766 582 2808 δὲ
610 2766 632 2808 ὁ
664 2763 816 2820 Γύγης,
841 2771 997 2820 πρῶτος

339 2818 557 2874 βαρβάρων
600 2826 682 2863 τῶν
724 2824 840 2876 ἡμεῖς
881 2824 995 2876 ἴδμεν

338 2893 377 2918 κ.
396 2893 432 2919 τ.
452 2878 504 2931 λ.]
541 2880 701 2920 Phanias
720 2894 764 2919 ac
783 2881 995 2935 Theopom-

1057 693 1126 730 pus
1177 680 1323 729 Gygem
1367 680 1513 718 omnino
1555 682 1711 732 primum

1056 737 1171 774 fuisse
1201 742 1426 785 memorant,
1466 736 1528 786 qui
1542 736 1709 787 Delphos

1056 793 1208 829 donaria
1247 794 1397 831 miserit.
1446 793 1530 830 Vid.
1571 793 1705 830 Athen.

1054 849 1119 895 w,
1149 849 1175 889 4
1204 863 1239 899 p.
1263 851 1357 897 231,
1375 850 1418 886 E.
1450 849 1498 888 T.
1518 849 1553 886 ΙΙ
1572 863 1608 900 p.
1624 851 1707 891 390

1058 905 1115 941 ed.
1145 905 1347 954 Schweigh.
1387 906 1491 950 Quos
1522 905 1707 943 Xanthum

1056 960 1230 1009 imprimis
1243 967 1386 999 secutos
1396 976 1490 1010 esse,
1502 975 1581 999 cum
1592 963 1708 1000 Creu-

1057 1028 1142 1052 zero
1155 1018 1348 1067 suspiceris
1361 1018 1455 1067 licet,
1477 1019 1539 1068 qui
1555 1018 1707 1056 dehisce

1055 1071 1245 1120 Lydorum
1264 1074 1423 1111 donariis
1440 1075 1565 1112 laudat
1575 1076 1707 1123 Heyne

1057 1129 1215 1178 Opuscc.
1243 1129 1386 1168 Acadd.
1407 1131 1441 1167 V
1457 1145 1497 1182 p.
1521 1132 1616 1172 347.
1635 1131 1707 1168 Pa-

1056 1186 1176 1221 ciuudi
1222 1185 1463 1224 Monumentt.
1504 1187 1706 1238 Peloponn.

1054 1241 1090 1278 H
1125 1255 1162 1291 p.
1207 1243 1258 1283 51
1301 1257 1386 1293 sqq.
1421 1248 1458 1281 et
1487 1244 1705 1281 Ramshorn.

1055 1298 1298 1336 commentat.
1326 1300 1373 1337 de
1401 1304 1601 1337 statuarum
1616 1300 1707 1337 mul-

1053 1354 1158 1393 titud.
1203 1360 1239 1393 et
1284 1357 1331 1394 de
1377 1357 1536 1393 donariis
1572 1357 1707 1407 Delph.

1053 1410 1271 1460 Altenburg.
1313 1413 1420 1454 1814
1461 1427 1499 1463 p.
1542 1416 1597 1454 22
1624 1427 1707 1462 sqq.

1054 1466 1211 1518 Propter
1258 1470 1347 1506 haec
1393 1474 1469 1505 tam
1517 1470 1710 1520 splendida

1057 1523 1228 1571 donaria,
1257 1538 1333 1562 non
1361 1526 1491 1562 mirum
1521 1531 1600 1573 est,
1631 1527 1710 1574 Gy-

1057 1592 1141 1628 gem
1189 1581 1238 1617 ad
1287 1586 1428 1618 tantam
1468 1581 1710 1620 celebritatem

1055 1637 1288 1686 pervenisse,
1344 1643 1385 1675 ut
1440 1639 1518 1676 eius
1567 1640 1710 1676 divitiae

1057 1693 1155 1743 apud
1199 1694 1365 1731 Graecos
1402 1695 1442 1731 iu
1481 1697 1710 1745 proverbium

1057 1749 1221 1788 abierint.
1280 1750 1377 1788 Hinc
1402 1751 1634 1790 Archilochus
1651 1765 1710 1790 ce-

1058 1806 1194 1843 cinerat
1233 1806 1333 1852 (vid.
1369 1807 1488 1845 locum
1522 1809 1619 1846 laud.
1662 1810 1710 1847 ad

1057 1874 1138 1913 cap.
1164 1865 1216 1903 12
1239 1863 1343 1913 fin.):

1114 1933 1163 1976 οὕ
1191 1950 1259 1988 μοι
1289 1934 1337 1976 τὰ
1374 1934 1509 1990 Γύγεω
1537 1941 1613 1979 τοῦ
1640 1954 1711 1980 πο-

1276 1990 1479 2046 λυχρύσου
1508 1995 1626 2047 μέλει.

1057 2062 1169 2105 Quod
1227 2063 1407 2112 expressit
1461 2063 1715 2103 Anacreontici

1056 2118 1224 2156 carminis
1248 2123 1396 2167 auctor,
1426 2132 1480 2157 nr.
1507 2121 1600 2159 XV:

1115 2182 1164 2225 οὕ
1189 2201 1256 2237 μοι
1280 2184 1386 2236 μέλει
1411 2183 1545 2239 Γύγαο

1114 2244 1186 2282 τοῦ
1223 2243 1410 2295 Σαρδίων
1445 2241 1629 2292 ἄνακτος.

1057 2322 1154 2359 Hinc
1200 2322 1402 2360 celebratur
1444 2323 1554 2373 vulgo
1578 2319 1713 2377 Γύγου

1057 2379 1230 2425 πλοῦτος
1307 2392 1384 2416 non
1449 2382 1567 2418 minus
1659 2385 1714 2418 at-

1058 2448 1130 2484 que
1164 2436 1294 2474 Croesi
1316 2437 1527 2487 opulentia,
1558 2450 1714 2487 quocum

1059 2492 1141 2541 ipse
1185 2492 1314 2540 Gyges
1361 2494 1500 2543 passim
1545 2494 1715 2543 iungitur.

1061 2547 1144 2586 vid.
1191 2561 1286 2596 quae
1348 2549 1507 2586 laudavit
1560 2550 1626 2589 Cr.
1678 2551 1714 2586 in

1061 2603 1248 2651 Fragmm.
1285 2604 1429 2641 historr.
1467 2619 1506 2655 p.
1540 2607 1622 2647 203
1651 2619 1709 2654 sq.

1063 2662 1101 2695 et
1127 2659 1164 2695 in
1191 2658 1332 2698 Melett.
1361 2660 1378 2696 l
1408 2674 1445 2710 p.
1472 2664 1528 2702 72
1555 2666 1634 2700 not.
1657 2664 1712 2704 28

1064 2714 1114 2751 ad
1150 2713 1277 2752 Nonni
1313 2722 1472 2761 narrat.3
1522 2718 1583 2766 qui
1617 2731 1714 2755 nunc

1064 2770 1168 2807 addit
1188 2770 1348 2809 Dracon.
1372 2773 1419 2809 de
1442 2775 1567 2810 metris
1597 2787 1634 2824 p.
1656 2776 1712 2816 33

1064 2825 1164 2873 (coll.
1193 2828 1292 2875 117)
1331 2832 1482 2878 propter
1520 2830 1714 2868 versiculos

1061 2881 1130 2920 illic
1149 2882 1295 2932 allatos,
1325 2884 1386 2922 ubi
1412 2884 1586 2934 syllabam
1611 2887 1713 2938 prio-

1443 420 1582 476 Οὗτος
1618 426 1665 470 δὲ
1710 426 1735 465 8

1789 2832 1799 3011 Ἇ--ρ-
1793 2602 1798 2824 ..ἢκ-,-

1787 3291 1794 3315 -η
1788 3118 1794 3282 ,ψ-ψηψ.
