1759 3324
356 231 440 273 792
751 231 1222 271 HERODOTI

25 346 307 416 ggpacoesssffiajffljg
362 340 548 385 ἕκαστον
574 344 709 396 τριῶν
723 340 950 397 πλέθρων,
982 340 1140 397 ἐούσης
1160 339 1458 397 τετραγώνου,
1489 342 1621 386 λίθου

28 414 195 441 ladmonem
240 423 305 442 cum

29 449 143 482 Aesopo
152 448 304 476 serviisse.

362 420 408 463 δὲ
437 419 481 472 ἐς
509 419 558 463 τό
588 418 721 475 ἥμισυ
744 422 1034 464 Αἰθιοπικοῦ·
1064 420 1143 478 τὴν
1166 422 1218 478 δὴ
1237 422 1495 477 μετεξέτεροί
1513 432 1622 477 φασι

351 497 568 555 Ἑλλήνων
610 497 847 550 Ῥοδώπιος
886 499 1055 556 ἑταίρης
1095 501 1304 556 γυναικὸς
1340 498 1452 544 εἶναι
1476 532 1487 552 ,
1538 499 1679 544 οὖκ45

329 576 511 632 Ωόρθῶς
548 577 755 632 λέγοντες.
815 577 871 622 ου’
903 579 949 622 δὲ
979 573 1043 621 ὦν
1072 578 1174 622 οὐδὲ
1212 578 1373 631 εἰδότες
1412 596 1488 636 μοι
1517 581 1621 635 φαί-

357 672 512 700 νονται
542 657 679 711 λέγειν
709 650 832 699 οὗτοι
862 656 953 712 ἥτις
978 652 1033 712 ἦν
1059 657 1086 714 ἡ
1113 655 1336 710 Ῥοδῶπις·
1370 657 1424 702 οὐ
1452 658 1537 715 γὰρ
1569 658 1624 702 ἄν

360 736 404 778 οἷ
431 736 655 789 πυραμίδα
687 733 902 779 ἀνέθεσαν
931 734 1201 792 ποιήσασθαι
1221 736 1452 794 τοιαύτην,
1484 738 1526 789 ἐς
1544 736 1623 794 τήν

304 912 426 944 tamen
447 907 532 944 mihi
552 906 611 944 ille
639 907 829 956 persuasit.
875 907 959 945 Vid.

304 963 483 1001 Matthiae
504 963 569 1000 Gr.
590 962 720 1000 Graec.
753 962 790 1014 ξ.
810 964 914 1011 427,
937 964 959 1001 b

305 1032 392 1071 pag.
412 1021 518 1066 788,
550 1019 612 1056 ubi
639 1018 744 1056 huius
772 1020 840 1057 loci
867 1020 959 1057 ratio

307 1077 522 1126 exponitur,
552 1080 589 1113 et
608 1077 734 1113 confer
757 1089 867 1126 supra
884 1077 961 1114 He-

307 1133 385 1169 rod.
410 1132 448 1179 Ι,
467 1132 531 1174 94.
562 1153 618 1160 —
652 1132 764 1176 Quod
786 1134 834 1170 ad
850 1146 960 1182 argu-

306 1194 468 1226 mentum
510 1188 580 1226 loci
623 1188 753 1226 attinet
770 1218 781 1236 ,
834 1194 960 1227 monet

306 1245 524 1294 Schweigh.,
555 1258 755 1294 congruere
772 1258 960 1283 mensuras

307 1301 354 1339 ab
370 1302 565 1339 Herodoto
594 1302 771 1339 indicatas
797 1316 878 1340 cum
906 1303 961 1351 iis,

308 1370 398 1408 quas
429 1358 606 1396 invenerit
633 1358 816 1406 Grobert.,
845 1360 961 1410 ipsam

309 1415 533 1465 pyramidem
562 1415 784 1462 demetiens,
814 1416 861 1453 de
890 1429 963 1465 qua

311 1471 362 1508 sic
379 1471 502 1508 scribit
523 1471 654 1520 Zoega
679 1471 700 1509 l.
722 1471 745 1508 l.
769 1485 856 1522 pag.
879 1471 963 1514 412

311 1527 424 1576 (nam
471 1527 589 1565 adhuc
628 1527 689 1565 illa
728 1530 964 1579 superstes):

311 1605 404 1632 „——
425 1583 494 1620 hoc
520 1588 768 1633 transgressus
790 1586 890 1623 venis
915 1585 964 1622 ad

309 1640 556 1692 pyramidem,
596 1653 705 1690 quam
733 1646 866 1678 vocant
894 1646 964 1678 ter-

310 1698 399 1734 tiam
411 1726 421 1744 ,
441 1697 599 1748 amplam
619 1697 759 1734 circiter
779 1699 892 1748 pedes
908 1702 964 1736 ter

312 1757 483 1791 centenos
503 1782 514 1801 ,
556 1754 810 1791 structionibus
850 1756 964 1792 ferme

310 1809 539 1860 bipedalibus
588 1811 821 1861 septuaginta
871 1816 966 1859 octo,

311 1867 490 1915 graduum
512 1867 626 1904 instar
650 1879 840 1904 ascensum
858 1880 965 1918 prae-

311 1922 479 1960 bentibus
499 1923 545 1959 ad
563 1924 755 1970 verticem,
784 1924 846 1973 qui
871 1937 966 1961 nune

311 1980 458 2028 fastigio
471 1991 596 2017 carens
609 1979 700 2017 latus
716 1984 772 2017 est
783 1980 831 2017 ad
846 1982 964 2018 orien-

311 2039 386 2072 tem
418 2035 532 2085 pedes
567 2036 780 2083 duodecim,
820 2037 869 2073 ad
895 2037 962 2073 bo-

311 2103 410 2128 ream
436 2093 721 2140 quatuordecim.
761 2093 964 2130 Aedificata

314 2151 369 2184 est
393 2159 436 2184 ex
457 2148 587 2185 eodem
607 2147 752 2198 lapide,
785 2162 858 2198 quo
881 2154 964 2186 sunt

313 2202 492 2251 reliquae:
523 2208 561 2240 at
580 2204 833 2242 circumiacent
853 2205 965 2242 multa

314 2258 479 2307 granitiei
510 2260 584 2295 saxi
616 2261 813 2308 fragmina,
853 2271 965 2310 atque

312 2315 350 2351 in
372 2315 452 2364 ipsa
468 2314 562 2351 mole
578 2315 661 2352 hinc
685 2320 721 2353 et
738 2316 831 2353 illinc
849 2318 965 2354 offen-

313 2371 448 2407 duntur
487 2371 588 2407 huius
633 2372 776 2420 generis
823 2372 963 2422 lapides

314 2426 542 2474 longitudine
561 2426 859 2477 quinquepedali:
891 2442 964 2477 quo

316 2483 478 2519 firmatur
527 2488 690 2520 veterum
749 2484 965 2534 scriptorum

316 2538 477 2575 narratio
493 2567 504 2585 ,
563 2539 770 2577 inferiorem
826 2545 965 2589 partem

316 2598 516 2632 contectam
564 2595 672 2632 fuisse
711 2596 800 2632 duro
844 2595 966 2646 lapide

315 2651 362 2687 ab
381 2649 594 2701 Aethiopiae
616 2651 746 2688 finibus
775 2652 965 2689 advect0.“

317 2706 426 2743 Conf.
456 2706 607 2743 Diodor.
640 2707 748 2744 Sicul.
776 2707 814 2754 l,
845 2708 899 2748 64
930 2714 965 2745 et

316 2762 428 2799 Beck.
457 2761 586 2801 Anleit.
613 2776 679 2800 zur
705 2763 928 2812 WVeltgesch.
949 2764 964 2801 I

316 2831 403 2868 pag.
424 2820 517 2859 713.

373 2874 493 2914 λίθου
506 2871 549 2914 δὲ
571 2873 608 2922 ἐς
625 2871 667 2915 τὸ
684 2870 807 2926 ἥμισυ
823 2875 964 2915 Αἰθιο-

1026 906 1170 958 πικοῦ]
1218 907 1280 946 De
1327 908 1445 959 lapide
1480 909 1683 961 Aethiopico

1026 966 1121 1003 conf.
1153 969 1245 1001 nott.
1274 965 1322 1002 ad
1351 965 1406 1013 ll,
1428 968 1519 1006 127.

1084 1017 1133 1060 οὕ
1159 1018 1200 1059 δὲ
1227 1014 1283 1060 ὧν
1309 1017 1402 1060 ου’ὁὲ
1423 1018 1571 1068 εἰδότες
1593 1037 1629 1061 κ.
1649 1036 1681 1061 τ.

1027 1076 1083 1129 λ.]
1133 1078 1217 1114 Hoc
1247 1083 1294 1115 'ex
1329 1077 1410 1115 loco
1449 1080 1683 1116 manifestum

1030 1148 1112 1173 esse
1146 1138 1251 1183 putat
1279 1133 1409 1183 Zo'ega
1437 1135 1483 1172 de
1515 1135 1682 1173 obeliscc.

1027 1205 1063 1242 p.
1085 1193 1168 1232 390
1203 1194 1278 1226 not.
1302 1194 1377 1237 22,
1419 1191 1583 1229 Graecos
1611 1192 1683 1228 iam

1028 1252 1114 1285 ante
1142 1247 1373 1284 Herodotum
1400 1247 1583 1284 historiam
1615 1261 1684 1298 py-

1028 1304 1206 1341 ramidum
1230 1304 1336 1341 variis
1370 1304 1486 1340 modis
1515 1305 1684 1342 turbasse

1031 1364 1142 1409 atque
1166 1372 1208 1397 ex
1237 1359 1501 1410 Aegyptiorum
1516 1361 1682 1397 traditio-

1030 1417 1136 1454 nibus
1169 1420 1230 1452 aut
1257 1429 1369 1466 prave
1400 1417 1590 1454 intellectis
1621 1420 1684 1454 aut

1032 1474 1119 1510 data
1159 1485 1272 1522 opera
1313 1475 1540 1510 commutatis
1588 1486 1681 1520 eam,

1033 1542 1127 1580 quae
1145 1529 1192 1566 ad
1209 1542 1275 1565 nos
1296 1531 1515 1580 pervenerit,
1538 1542 1683 1567 consar-

1034 1587 1193 1632 cinasse,
1223 1598 1295 1634 qua
1324 1586 1525 1632 veriorem,
1554 1586 1686 1624 Mane-

1030 1643 1141 1680 thone
1165 1642 1358 1692 deperdito
1373 1671 1384 1690 ,
1420 1643 1579 1680 invenire
1607 1655 1686 1679 am-

1031 1699 1125 1750 plius
1149 1711 1223 1734 non
1247 1698 1363 1736 liceat.
1421 1699 1507 1736 Hoc
1533 1712 1577 1736 ex
1603 1698 1686 1735 Ma-

1031 1755 1201 1793 nethonis
1253 1756 1463 1804 fragmentis
1520 1755 1686 1804 intelligi,

1031 1812 1232 1861 Rhodopin
1248 1811 1344 1848 illam
1362 1812 1406 1849 ab
1426 1812 1685 1861 interpretibus

1032 1873 1190 1906 creatam
1210 1881 1292 1906 esse
1312 1881 1356 1906 ex
1373 1867 1583 1915 Nitocride‚
1612 1867 1686 1905 Ae-

1031 1925 1136 1975 gypti
1156 1925 1304 1973 regina,
1334 1925 1390 1961 cui
1414 1924 1577 1961 nonnulli
1592 1924 1685 1961 hanc

1031 1981 1256 2032 pyramidem
1292 1982 1493 2018 tribuerint.
1559 1979 1685 2018 videri

1031 2041 1153 2075 autem
1178 2037 1261 2074 hinc
1276 2036 1416 2075 Arabes
1447 2050 1572 2075 ansam
1594 2037 1685 2074 arri-

1030 2094 1173 2144 puisse,
1198 2098 1240 2131 ut
1266 2094 1302 2130 in
1329 2107 1401 2131 una
1428 2107 1472 2132 ex
1488 2092 1687 2144 pyramidi-

1032 2151 1099 2187 bus
1125 2150 1223 2199 genii
1242 2149 1321 2187 loco
1339 2150 1504 2187 habitare
1523 2150 1686 2187 dicerent

1033 2206 1217 2244 mulierem
1235 2208 1370 2243 nudam
1390 2206 1542 2254 insignis
1553 2205 1686 2255 pulcri-

1031 2263 1189 2309 tudinis,
1228 2275 1323 2311 quae
1349 2267 1497 2311 aspectu
1528 2274 1592 2298 suo
1618 2262 1685 2298 ho-

1032 2318 1148 2355 mines
1195 2331 1318 2355 amore
1361 2318 1518 2355 insanire
1563 2318 1683 2355 faciat.

1032 2373 1135 2411 Haec
1171 2374 1320 2422 Zoega3
1369 2374 1537 2423 equidem
1578 2374 1618 2410 in
1643 2387 1683 2412 re

1033 2429 1138 2467 valde
1163 2429 1298 2466 lubrica
1321 2434 1431 2479 atque
1446 2430 1582 2467 incerta
1596 2443 1683 2480 pro-

1033 2486 1198 2522 nuntiare
1221 2485 1344 2532 nolim,
1362 2499 1582 2535 quamquam
1599 2499 1683 2536 pro-

1033 2541 1122 2578 clive
1150 2542 1293 2578 videtur
1322 2556 1365 2580 ex
1403 2556 1467 2590 eo,
1505 2543 1604 2591 quod
1638 2544 1685 2580 de

1035 2598 1138 2634 unius
1168 2600 1363 2647 pyramidis
1396 2603 1543 2636 auctore
1571 2600 1685 2636 ambi-

1034 2655 1201 2702 gebatur,
1227 2659 1425 2692 ceterarum
1451 2668 1597 2704 quoque
1616 2669 1684 2704 py-

1033 2711 1208 2747 ramidiun
1231 2716 1396 2749 auctores
1427 2712 1580 2748 incertos
1610 2716 1684 2748 sta-

1033 2771 1162 2813 tuere,
1202 2779 1318 2815 eaque
1357 2767 1448 2805 salsa
1487 2766 1683 2815 declarare,

1033 2835 1127 2872 quae
1150 2823 1196 2859 de
1221 2823 1262 2859 iis
1282 2824 1494 2874 accepimus.

1091 2874 1140 2917 οὔ
1157 2875 1230 2931 γὰρ
1252 2876 1302 2919 ἄν
1323 2879 1364 2919 οἱ
1380 2878 1585 2931 πυραμίδα
1597 2875 1680 2918 ἄνέ-
