1759 3324
334 251 421 291 628

739 246 1213 287 HERODOT1

336 357 416 402 τὸν
444 358 684 414 πρότερον,
716 357 771 402 ου’
799 362 1012 413 περιορᾶν
1041 354 1273 412 παριέναι,
1311 353 1410 399 ἀλλ’
1441 353 1607 409 ἀπερύ-

336 450 452 482 κειν·
494 437 573 481 τὸν
604 437 646 481 δ’
677 438 718 490 ἐξ
749 436 880 494 ἄλλης
922 436 1074 488 πόλιος
1116 435 1389 491 ἀγαγόμενον
1429 432 1665 488 ἀνθρώ-60

336 533 474 568 πους,
521 515 625 567 τούς
654 533 698 560 τε
728 516 983 570 προπόλους
1022 515 1208 571 τρηχέως
1238 518 1484 570 περισπεῖν,
1533 512 1609 555 καὶ

308 597 535 641 Ξέσελθεῖν
563 593 682 651 παρα
722 594 801 650 τὴν
833 595 1008 650 μητέρα.

1070 593 1154 637 ἀπὸ
1191 592 1352 638 τούτου
1391 596 1451 650 τῷ
1491 591 1611 646 ’Ἀρεῖ

337 673 499 731 ταύτην
528 673 608 730 τήν
637 672 807 729 πληγήν
838 673 884 716 ἐν
913 677 966 730 τῇ
996 671 1105 729 ὁρτῇ
1138 673 1412 728 νενομικέναι
1443 671 1564 727 φασί.

311 762 333 795 3
451 752 540 795 Καὶ
568 751 617 795 τὸ
647 751 706 807 μὴ
746 753 976 807 μίσγεσθαι
1011 752 1182 806 γυναιξὶ
1223 752 1269 794 ἐν
1311 753 1462 805 ἱροῖσι,
1502 749 1610 806 μηδὲ

341 831 554 882 ἀλούτους
586 828 671 875 ἀπὸ
701 834 928 886 γυναικῶν
971 829 1013 880 ἐς
1054 830 1126 883 ἱροὶ
1157 830 1335 880 ἐσιέναι,
1375 825 1500 872 οὗτοί
1529 830 1666 872 εἰσι65

310 913 389 956 4οῐ
415 911 584 964 πρῶτοι
613 908 979 965 θρησκεύσαντες.

1047 911 1090 953 οἱ
1125 909 1205 964 μὲν
1242 908 1325 964 γάρ
1363 907 1485 951 ἄλλοι
1515 918 1610 962 σχε-

339 989 421 1036 δόν
449 987 606 1039 πάντες
637 987 895 1044 ἄνθρωποι,
926 986 1038 1044 πλὴν
1067 990 1320 1044 Αἰγυπτίων
1349 987 1423 1031 καὶ
1459 984 1611 1042 Ἑλλή-

338 1085 451 1118 νων,
491 1070 722 1125 μίσγονται
758 1067 807 1110 έν
847 1070 999 1122 ἱροῖσι·
1044 1068 1116 1111 καὶ
1147 1066 1232 1110 ἀπὸ
1262 1069 1484 1122 γυναικῶν
1515 1063 1611 1108 ἀνι-

341 1147 570 1204 στάμενοι,
609 1147 791 1191 ἄλουτοι
829 1147 1078 1204 ἐσέρχονται
1117 1146 1160 1197 ἐς
1191 1146 1310 1201 ἱρόν·
1363 1147 1610 1202 νομίζοντες

313 1225 615 1282 5οΞνθριόπους
642 1225 756 1270 εἶναι
785 1227 977 1282 κατάπερ
1007 1226 1060 1270 τα
1091 1225 1199 1270 ἄλλα
1228 1225 1396 1282 κτήνεα.
1424 1228 1497 1269 καὶ
1525 1224 1609 1281 γάρ

341 1306 396 1350 τὰ
425 1304 536 1350 ἄλλα
566 1306 725 1362 κτήνεα
755 1306 867 1361 ὁρᾶν
897 1307 969 1350 καὶ
999 1304 1196 1360 ὀρνίθων
1225 1307 1350 1362 γένεα
1373 1304 1668 1362 ὀχευόμενα70

343 1386 390 1430 ἔν
423 1403 467 1430 τε
496 1391 611 1430 τοῖσι
639 1391 786 1442 νηοῖσι
813 1390 903 1430 τῶν
932 1390 1053 1430 θεῶν
1083 1387 1156 1429 καὶ
1186 1386 1232 1429 ἐν
1260 1391 1372 1430 τοῖσι
1401 1385 1608 1442 τεμένεσι.

313 1466 382 1509 δεῖ
413 1460 475 1508 ὦν
502 1463 616 1509 εἶναι
646 1470 708 1523 τῷ
735 1470 829 1524 θεῷ
860 1470 993 1510 τοῦτο
1021 1465 1079 1522 μή
1112 1467 1270 1521 φίλον,
1302 1463 1383 1509 οὐκ
1421 1463 1477 1508 ἂν
1507 1461 1610 1507 οὐδὲ

285 1661 451 1699 Etrusch.
475 1662 524 1698 ad
544 1661 686 1703 tab.39
708 1661 766 1699 de’
785 1662 864 1698 vasi
884 1661 945 1699 fit-

285 1719 339 1756 tili
366 1731 453 1769 pag.
472 1717 566 1760 409.

348 1771 398 1813 ου’
420 1776 612 1827 περιορᾶν
633 1772 843 1825 παριέναι]
883 1773 943 1811 De

285 1831 485 1879 infinitivo,
525 1831 588 1881 qui
619 1836 766 1882 praeter
804 1844 943 1868 morem

286 1889 455 1925 adiicitur
473 1889 583 1926 verbo
605 1890 817 1939 περιορᾶν,
848 1888 943 1924 conf.

286 1944 325 1991 Ι,
350 1946 429 1985 191
453 1949 489 1982 et
520 1946 567 1982 de
587 1948 794 1995 περισπεῖν
815 1944 851 1990 Ι,
872 1947 940 1984 73.

287 2000 347 2036 Ad
364 2002 517 2037 formam
541 1996 750 2046 ὀπωπότας
773 2000 940 2037 consulas

289 2055 424 2093 Matth.
449 2057 514 2093 Gr.
538 2057 603 2093 Gr.
625 2070 711 2107 pag.
735 2057 828 2097 478.

347 2109 446 2162 μηδὲ
474 2107 668 2158 α’λούτους
699 2109 778 2151 α’πτό
809 2127 942 2163 γυναι-

288 2170 372 2207 κῶν
391 2183 425 2205 κ.
443 2183 474 2205 τ.
495 2171 542 2214 λ.]
574 2168 746 2206 Laudant
761 2169 942 2218 interpre-

288 2229 344 2262 tes
363 2224 541 2262 Clement.
562 2224 755 2261 Alexandr.
768 2225 941 2262 Stromat.

288 2281 305 2318 Ι
325 2293 411 2331 pag.
432 2283 533 2328 361,
554 2283 605 2321 19
635 2281 732 2318 idem
755 2281 802 2318 de
819 2280 941 2328 Aegy-

287 2337 374 2388 ptiis
425 2341 644 2374 narrantem.
718 2336 770 2373 Ac
817 2340 943 2374 monet

289 2392 492 2441 Schweigh.
522 2393 752 2430 Herodotum
786 2393 833 2430 de
866 2394 943 2430 avi-

290 2449 356 2486 bus
375 2449 527 2498 aliisque
556 2449 769 2486 animalibus
790 2449 942 2498 loquen-

289 2509 365 2543 tem
393 2506 513 2542 dicere
546 2503 587 2544 ἔν
616 2520 657 2544 τε
680 2509 784 2544 τοῖσι
807 2509 941 2555 νηοῖσι

290 2563 371 2600 τῶν
389 2563 499 2600 θεῶν
515 2559 582 2599 καὶ
604 2560 646 2600 ἐν
668 2565 768 2600 τοῖσι
789 2560 941 2612 τεμένε-

291 2629 354 2665 σι,
385 2618 432 2655 de
456 2617 662 2655 hominibus
690 2631 775 2656 vero
795 2619 941 2656 nomine

289 2675 344 2711 uti
361 2673 467 2711 latius
482 2678 630 2724 patente
644 2673 686 2713 ἐν
697 2674 828 2724 ἱροῖσι,
842 2676 944 2723 quod

290 2731 580 2781 comprehendat
610 2735 646 2769 et
673 2727 741 2769 τὸν
778 2727 877 2780 νηὸν
906 2735 943 2768 et

291 2783 337 2825 τό
356 2785 537 2837 τέμενος,
557 2799 684 2836 agrum
698 2815 708 2834 ‚
727 2787 864 2834 lucum,
881 2799 943 2825 ae-

291 2843 410 2880 dificia
423 2871 434 2889 ,
467 2842 598 2892 quibus
620 2843 787 2892 cingatur
802 2844 861 2881 dei
881 2856 943 2880 ae-

292 2900 370 2937 des.
401 2899 437 2937 Τ
439 2912 463 2936 ιι
480 2900 575 2937 conf.
590 2899 630 2948 Ι,
653 2902 732 2942 199
758 2900 846 2949 ibiq.
866 2904 943 2937 not.

1067 1660 1138 1700 καὶ
1160 1656 1464 1713 ὄρνίθωνγένεα
1482 1653 1669 1710 ὀχευόμε-

1013 1732 1064 1756 να
1082 1733 1116 1757 n.
1135 1734 1167 1756 τ.
1189 1717 1238 1767 λ.]
1271 1718 1451 1754 Intactum
1467 1716 1594 1765 reliqui
1606 1713 1668 1768 γε’-

1013 1789 1107 1823 νεα,
1154 1775 1254 1824 quod
1280 1774 1361 1811 libri
1400 1773 1546 1824 probati
1581 1772 1667 1809 satis

1011 1833 1279 1869 commendant.
1343 1830 1414 1867 Alii
1443 1829 1583 1867 malunt
1611 1826 1669 1866 τέ-

1011 1890 1092 1935 λεα,
1122 1892 1161 1925 ut
1180 1889 1218 1924 in
1241 1887 1459 1937 quibusdam
1478 1886 1584 1924 codd.
1611 1885 1669 1921 in-

1011 1946 1171 1990 venitur,
1214 1949 1249 1982 et
1279 1945 1326 1981 de
1355 1945 1507 1980 catervis
1536 1941 1667 1979 intelli-

1012 2007 1120 2050 gunt,
1161 2005 1202 2037 ut
1233 2000 1321 2047 Vll,
1351 2002 1446 2041 211.
1477 2000 1571 2039 223.
1600 1997 1667 2045 IX,

1012 2061 1078 2099 20.
1135 2058 1211 2095 Sed
1232 2057 1328 2094 hisce
1369 2056 1456 2093 locis
1487 2057 1534 2093 de
1554 2055 1666 2091 homi-

1011 2127 1093 2150 num
1124 2118 1160 2151 et
1190 2113 1339 2162 quidem
1369 2113 1523 2149 militum
1552 2114 1668 2148 cater-

1010 2173 1066 2206 υίε
1092 2171 1195 2206 unice
1223 2181 1362 2216 sermo,
1399 2173 1438 2205 ut
1461 2167 1666 2205 notavimus

1012 2227 1060 2263 ad
1081 2226 1120 2273 Ι,
1145 2226 1235 2266 103.

1069 2337 1103 2376 εἰ
1129 2331 1185 2376 ὦν
1216 2333 1320 2375 εἶναι
1337 2357 1392 2363 -
1411 2333 1558 2387 φίλον]
1599 2330 1665 2387 ἦν,

1010 2395 1109 2444 quod
1130 2394 1289 2442 glossam
1313 2392 1431 2443 sapit,
1452 2405 1547 2430 nunc
1568 2397 1667 2431 recte

1009 2455 1185 2489 mutatum
1205 2452 1241 2487 in
1263 2446 1376 2488 εἶναι.
1436 2451 1544 2487 Conf.
1564 2448 1667 2486 Mat-

1009 2507 1106 2544 thiae
1133 2507 1199 2544 Gr.
1231 2507 1296 2543 Gr.
1320 2519 1356 2556 p.
1374 2508 1483 2547 1058
1510 2504 1546 2556 ἓ.
1571 2506 1666 2547 538·

1010 2563 1069 2600 Ad
1091 2563 1210 2612 φίλον
1233 2564 1327 2600 conf.
1348 2563 1385 2609 Ι,
1410 2565 1463 2604 87
1479 2563 1566 2612 ibiq.
1588 2566 1664 2599 not.

1009 2619 1069 2656 Ad
1088 2624 1341 2669 argumentum
1364 2619 1433 2656 loci
1449 2620 1667 2669 interpretes

1011 2676 1169 2713 afferunt
1208 2675 1389 2713 Plutarch.
1429 2675 1525 2712 Mor.
1570 2674 1665 2723 (ΙΙ)

1008 2745 1096 2783 pag·
1120 2732 1250 2779 1044,
1278 2732 1332 2779 F,
1371 2732 1469 2769 unde
1497 2730 1668 2780 intelligi-

1010 2802 1108 2835 mus,
1127 2789 1285 2837 Cynicos
1303 2787 1540 2838 philosophos
1560 2790 1665 2838 post-

1009 2844 1077 2881 hac
1097 2846 1226 2882 eadem
1245 2845 1474 2882 excusatione
1484 2857 1564 2882 esse
1577 2857 1664 2881 usos

1008 2901 1167 2950 itemque
1185 2901 1329 2938 Stoicos
1348 2901 1542 2950 quosdam.
