1759 3324
517 258 938 297 EUTERPE.
990 259 1037 296 ΙΙ.

140 380 263 423 φοισι
275 402 286 419 ,

80 542 166 579 teris
183 540 388 590 Aegyptum
409 537 557 575 adierit:
587 537 646 575 alii
666 539 730 576 tri-

78 597 219 649 plicem,
238 596 407 645 quoniam
422 593 597 644 triplicem
610 608 728 644 agno-

78 657 179 690 scant
207 652 375 689 Clemens
396 649 591 689 Alexandr.
623 652 729 688 Stro-

77 712 161 747 mat.
187 707 221 744 V
251 721 307 758 cp.
331 709 358 748 4
389 720 476 757 pag.
506 709 598 749 657.
631 708 728 745 Pott.

76 768 114 802 et
137 763 360 815 Porphyrius
393 764 439 801 (16
475 763 535 800 vit.
573 764 728 814 Pythag.

77 819 114 871 §.
135 822 188 861 12
205 833 242 871 p.
263 819 314 861 15
334 820 470 857 Kust.“
500 820 673 858 Creuzer.
691 822 728 858 in

75 878 294 915 Commentt.
311 876 478 914 Herodd.
497 889 534 926 p.
547 879 643 924 371,
666 878 727 927 qui

75 932 113 970 in
131 937 219 970 nota
251 933 399 970 subiect.
427 945 482 970 nr.
497 935 579 974 386
606 934 726 984 plures

73 988 198 1026 laudat
215 990 310 1026 viros
332 990 479 1038 doctos,
510 990 572 1040 qui
597 992 645 1029 de
670 990 726 1028 his

72 1049 284 1083 tractarunt.

131 1103 351 1155 λογίζονται
385 1097 598 1152 ψήφοισι]
639 1103 662 1139 i.
693 1115 725 1139 6.

74 1158 249 1207 „calculis
265 1162 465 1209 computant
485 1159 618 1196 Graeci
637 1171 659 1195 a
678 1159 726 1195 si-

73 1216 186 1253 nistra
203 1219 308 1266 parte
333 1215 381 1252 ad
399 1216 563 1253 dextram
581 1228 728 1266 promo-

73 1276 200 1310 ventes
220 1272 403 1309 manu1n.“
443 1272 581 1309 Coraes
606 1271 725 1319 (cuius

70 1327 189 1365 locum
217 1328 409 1378 adscripsit
431 1328 517 1376 Cr.)
534 1328 582 1365 ad
598 1328 726 1366 Helio-

73 1384 152 1422 dor.
182 1397 269 1435 pag
286 1385 366 1425 315
398 1380 569 1434 ψήφους
587 1388 623 1421 et
642 1385 677 1422 h.
701 1384 723 1422 l.

72 1443 110 1479 et
126 1440 280 1479 Diodor.
315 1440 425 1477 Sicul.
452 1441 549 1487 ΧΠ,
580 1443 631 1482 13
662 1453 724 1479 ex-

69 1497 182 1548 plicat
201 1496 370 1546 Chiffres‚
402 1492 474 1548 οὔχ
501 1495 633 1546 ἑτέρας
650 1512 724 1535 πα-

72 1549 122 1606 ροέ
149 1550 196 1592 τοὶ
225 1550 457 1605 γράμματα,
496 1549 583 1593 αλλ’
619 1569 718 1592 αντα

70 1624 193 1649 ταυτα
221 1607 268 1648 τοὶ
297 1606 505 1662 γράμματα
534 1608 603 1649 καὶ
623 1623 723 1649 στοι-

70 1669 156 1717 χεῖα
201 1669 282 1705 τῶν
320 1665 483 1715 λέξεων,
544 1666 600 1712 εἰς
639 1662 723 1718 (ἔρι-

71 1724 194 1774 θμων
218 1726 363 1773 σημεῖα
382 1719 720 1774 μεταλαμβανόμε·

70 1794 204 1819 να.-
233 1779 450 1830 Scripsimus
489 1784 609 1817 autem
640 1793 720 1817 cum

70 1839 221 1874 recentt.
253 1834 320 1875 ἐπὶ
349 1832 457 1883 δεξιοὶ
487 1849 554 1887 pro
586 1834 650 1875 ἐπὶ
673 1833 720 1874 τοὶ

71 1888 201 1939 δεξιοὶ,
231 1893 410 1941 probante
430 1893 628 1939 Creuzero,
659 1893 721 1941 qui

70 1949 128 1996 (in
144 1948 364 1986 Commentt.
383 1949 548 1986 Herodd.
567 1963 602 1999 p.
615 1950 718 1998 370)

67 2005 228 2042 Platonis
246 2005 324 2042 loco
344 2005 382 2041 in
401 2005 553 2042 ConviV.
579 2019 615 2056 p.
641 2008 722 2047 177

69 2074 99 2099 s.
118 2074 154 2111 p.
174 2062 257 2103 379
275 2061 395 2099 Bekk.
422 2062 515 2099 hanc
530 2061 721 2100 lectionem

69 2117 272 2156 confirmari
294 2123 429 2156 monet.

111 2169 304 2225 1’Έλληνες
325 2171 418 2225 μὲν,
437 2169 517 2215 οἷπὸ
538 2176 618 2214 τῶν
639 2170 722 2227 α’ρι-

71 2233 216 2282 στερῶν
245 2247 280 2270 κ.
311 2246 343 2270 τ.
366 2233 416 2277 λ.]
457 2232 605 2279 „Quod
635 2233 721 2269 scri-

71 2286 180 2325 bendi
195 2288 373 2325 rationem
392 2289 543 2335 attinet,
566 2289 634 2326 hoc
652 2302 720 2326 no-

70 2343 167 2381 mine
186 2345 283 2395 patri
301 2345 473 2383 historiae
492 2345 590 2382 litem
601 2345 720 2383 inten

70 2398 201 2437 derunt
233 2400 407 2438 nonnulli.
468 2402 633 2445 Quorum
662 2406 720 2439 ta-

70 2467 154 2492 men
172 2461 319 2494 conatus
330 2458 526 2495 retundunt
538 2458 722 2508 inscriptio

69 2509 271 2550 Rosettana
307 2514 456 2563 eiusque
486 2515 584 2552 docti
610 2515 722 2552 inter-

71 2571 214 2617 pretes,
251 2582 272 2606 e
299 2571 428 2619 quibus
452 2571 560 2620 Sacyi
589 2571 721 2619 (lettre

71 2634 119 2659 au
137 2622 194 2660 cit.
221 2624 396 2676 Chaptal,
416 2627 548 2664 minist.
570 2628 618 2665 de
639 2627 720 2664 l’in-

72 2678 224 2728 terieur,
249 2693 316 2730 par
337 2682 480 2721 Silvest.
512 2684 559 2721 de
577 2685 710 2733 Sacy
696 2698 719 2722 a

71 2732 175 2771 Paris
198 2737 305 2779 1802
321 2751 407 2789 pag.
424 2740 491 2781 37.
513 2741 588 2788 38)
607 2741 720 2778 verba

72 2801 273 2840 apponam:
303 2794 403 2841 „J’ai
435 2796 518 2844 deja
541 2796 617 2844 dit,
647 2809 720 2846 que

73 2844 110 2882 la
135 2847 275 2886 marche
315 2850 362 2887 de
393 2851 577 2890 l’e‘criture
618 2852 722 2901 Egy-

72 2901 222 2952 ptienne
239 2903 286 2941 de
305 2910 409 2945 notre
425 2908 638 2959 inscription
664 2912 721 2946 est

129 2956 395 3000 Hsnonor.1.

1314 263 1396 303 561

322 367 523 422 Ἕλληνες
559 366 658 422 μὲν,
707 363 793 409 dne>
830 370 919 410 τῶν
958 364 1201 423 ἀριστερῶν
1242 369 1311 413 ἐπὶ
1338 368 1391 413 τὰ
1409 357 1453 412 10

798 539 1007 578 conformee
1033 540 1056 578 a.
1084 539 1174 578 celle
1199 542 1247 579 de
1279 539 1450 588 l’hebreu,

797 596 885 633 c'est
905 596 926 633 a
944 596 1045 644 dire,
1074 596 1203 646 qu'elle
1224 598 1383 647 procede
1403 598 1449 635 de

798 652 915 689 droite
933 652 955 688 ῑι
976 653 1125 701 gauche.
1184 653 1285 691 C'est
1306 666 1346 691 ce
1366 652 1450 703 qu’a

798 709 851 745 dit
872 709 1104 746 Hei-odotef‘
1147 738 1173 758 „
1184 708 1291 758 „Les
1318 710 1447 757 GrecS‚

798 765 933 812 dit-il,
975 765 1132 804 ecrivent
1154 779 1199 804 en
1237 770 1386 816 portant
1412 766 1448 803 la

798 821 894 858 main
914 821 960 858 de
982 821 1122 870 gaucbe
1146 822 1169 859 a
1190 822 1308 860 droite
1333 825 1370 859 et
1393 821 1446 860 les

796 877 1000 927 Egyptiens
1032 890 1077 915 au
1106 877 1308 926 contraire,
1337 891 1384 917 en
1411 877 1447 916 la

795 938 943 984 portant
967 934 1014 971 de
1043 935 1161 972 droite
1187 935 1209 972 a
1231 934 1446 984 gauche.““

794 990 948 1027 Subiicit
958 992 1094 1040 Sacyus
1109 991 1251 1028 Graeca
1264 990 1447 1030 Herodoti

794 1047 926 1092 verba,
956 1050 1031 1083 tum
1055 1047 1106 1084 ita
1124 1047 1261 1097 pergit:
1291 1046 1446 1095 „Notre

794 1103 1006 1153 inscription
1023 1116 1161 1154 prouve
1173 1104 1268 1140 donc
1285 1103 1446 1141 ‹ividem-

794 1164 913 1206 ment,
943 1172 1014 1209 que
1030 1159 1077 1197 Ι).
1102 1159 1259 1198 Wilkins
1292 1159 1383 1197 dans
1403 1173 1445 1197 sa

794 1215 1027 1253 dissertation
1053 1216 1100 1254 de
1125 1215 1249 1265 lingua
1276 1214 1443 1266 Coptica,

792 1272 1010 1322 imprimeea
1027 1271 1062 1308 la
1081 1272 1174 1309 suite
1196 1272 1243 1309 de
1259 1271 1444 1309 l’Oraison

793 1328 1008 1366 dominicale
1025 1328 1071 1366 de
1087 1329 1121 1365 J.
1134 1327 1438 1378 Chamberlayne,

793 1396 815 1420 a
834 1398 879 1422 eu
897 1389 969 1422 tort
987 1398 1024 1435 p.
1036 1384 1090 1426 85
1104 1385 1151 1423 (16
1165 1384 1331 1434 releguer
1348 1387 1444 1422 cette

792 1442 972 1478 assertion
1001 1442 1050 1478 du
1077 1442 1165 1492 pere
1193 1440 1240 1479 de
1270 1439 1442 1478 l’histoire

791 1509 838 1534 au
858 1498 1010 1535 nombre
1028 1498 1093 1535 des
1109 1496 1245 1545 sables,
1261 1509 1331 1546 que
1349 1496 1442 1534 Dio-

792 1554 883 1591 dore
906 1554 952 1591 de
968 1554 1075 1592 Sicile
1092 1553 1268 1604 reproche
1285 1554 1307 1590 a
1320 1553 1442 1591 Hero-

791 1610 878 1648 dote
915 1610 950 1648 d'
962 1611 1063 1647 avoir
1092 1615 1177 1661 trop
1218 1609 1443 1658 legerement

790 1667 979 1716 adoptees.
1035 1666 1085 1703 Et
1110 1666 1134 1703 il
1163 1669 1220 1704 est
1241 1666 1314 1703 bon
1339 1666 1442 1703 d’ob-

790 1735 911 1760 server
928 1735 1000 1771 que
1012 1726 1106 1760 cette
1122 1734 1315 1771 remarque
1325 1722 1442 1759 d‘He-

789 1779 920 1816 rodote
932 1778 1132 1829 s’applique
1151 1777 1357 1827 &galement
1371 1789 1442 1815 aux

790 1836 886 1872 deux
904 1848 1035 1884 genres
1054 1835 1242 1872 d'ecriture
1256 1834 1321 1871 des
1338 1834 1442 1883 Egy-

789 1893 934 1942 ptiens3
957 1904 1017 1928 car
1037 1892 1123 1928 c’est
1142 1903 1302 1941 presque
1315 1890 1443 1927 imme-

789 1949 988 1986 diatement
1003 1949 1110 1998 apres
1129 1947 1162 1984 16
1182 1959 1355 1997 passage,
1368 1958 1442 1996 que

786 2006 825 2054 Je
848 2005 949 2042 viens
976 2005 1023 2041 de
1052 2005 1159 2050 citer,
1194 2002 1280 2052 qu’il
1299 2004 1440 2051 ajoute:

788 2060 1026 2111 Διφασίοισι
1042 2081 1099 2088 —
1113 2058 1332 2099 xate'ewif‘
1373 2057 1441 2095 At-

789 2131 860 2168 que
893 2131 974 2155 cum
1008 2117 1126 2166 Sacyo
1157 2115 1267 2167 plane
1305 2114 1442 2153 faciunt

789 2176 865 2212 eius
882 2175 998 2221 cives,
1027 2174 1091 2222 qui
1121 2176 1251 2224 postea
1277 2171 1316 2208 in
1338 2171 1441 2209 The-

787 2231 896 2269 baide
924 2231 1079 2280 grandia
1118 2229 1179 2266 illa
1206 2231 1440 2266 monumenta

785 2301 821 2326 6
816 2288 1029 2340 ;.plorarunt
1103 2285 1218 2323 Cuius
1267 2283 1440 2323 examinis

786 2357 925 2382 summa
943 2356 986 2381 eo
1005 2342 1122 2390 iedit,
1146 2345 1185 2379 ut
1204 2344 1240 2379 et
1257 2339 1441 2389 hierogly-

786 2401 909 2452 phicas
928 2399 1050 2438 literas
1077 2412 1099 2437 a
1129 2399 1257 2437 dextra
1285 2397 1334 2434 ad
1353 2396 1441 2434 sini-

788 2462 899 2495 stram
921 2457 1074 2506 scriptas
1102 2468 1186 2494 esse
1204 2453 1441 2500 contendant,

787 2515 900 2564 idque
917 2527 998 2551 cum
1027 2513 1066 2549 in
1084 2511 1300 2562 templorum
1319 2508 1440 2560 parie-

786 2571 870 2608 tinis
908 2569 1223 2620 inscriptionibus,
1263 2570 1339 2604 tum
1371 2575 1440 2602 nec

786 2627 905 2665 minus
941 2626 979 2663 in
1017 2624 1258 2663 voluminibus
1282 2633 1441 2673 papyra-

788 2684 883 2730 ceis,
922 2694 1018 2732 quae
1046 2681 1105 2719 vel
1131 2678 1439 2729 hieroglyphicam

787 2740 1001 2790 scripturam
1031 2738 1167 2776 habent
1202 2735 1260 2774 vel
1295 2746 1441 2772 curren-

786 2801 883 2843 tem,
913 2795 936 2832 i.
957 2809 988 2833 e.
1005 2794 1140 2841 literis,
1169 2804 1260 2842 quas
1282 2789 1440 2828 cursivas

788 2852 1093 2903 dicunt,pictam.
1124 2849 1236 2897 „Vid.
1256 2846 1439 2895 Descript.

788 2910 836 2946 de
856 2908 950 2957 l’Eg.
968 2907 1038 2946 vol.
1053 2907 1087 2944 ll
1104 2919 1140 2956 p·
1154 2906 1236 2946 268
1254 2915 1331 2953 seq·
1344 2903 1439 2944 273·

1108 2963 1165 3001 3ss
